%YAML 1.1
%TAG !u! tag:unity3d.com,2011:
--- !u!1 &2579708186516353506
GameObject:
  m_ObjectHideFlags: 0
  m_CorrespondingSourceObject: {fileID: 0}
  m_PrefabInstance: {fileID: 0}
  m_PrefabAsset: {fileID: 0}
  serializedVersion: 6
  m_Component:
  - component: {fileID: 4775383880112621667}
  - component: {fileID: 130742584180313660}
  m_Layer: 0
  m_Name: Build3
  m_TagString: Untagged
  m_Icon: {fileID: 0}
  m_NavMeshLayer: 0
  m_StaticEditorFlags: 0
  m_IsActive: 1
--- !u!4 &4775383880112621667
Transform:
  m_ObjectHideFlags: 0
  m_CorrespondingSourceObject: {fileID: 0}
  m_PrefabInstance: {fileID: 0}
  m_PrefabAsset: {fileID: 0}
  m_GameObject: {fileID: 2579708186516353506}
  m_LocalRotation: {x: 0, y: 0, z: 0, w: 1}
  m_LocalPosition: {x: 0, y: 0, z: 0}
  m_LocalScale: {x: 1, y: 1, z: 1}
  m_Children:
  - {fileID: 5334436291931604882}
  - {fileID: 2850928331027858277}
  - {fileID: 5105048763854545485}
  - {fileID: 1946134854943124857}
  - {fileID: 2792289253777027669}
  - {fileID: 291334630158399742}
  - {fileID: 2541098710044575499}
  - {fileID: 1241738697383105865}
  - {fileID: 6219317675258384465}
  - {fileID: 2843064409693585446}
  - {fileID: 7882512635461089690}
  - {fileID: 5928810860598178524}
  - {fileID: 6836975541486047290}
  - {fileID: 5138568754899353467}
  - {fileID: 3338312263138171442}
  - {fileID: 2301257321892436068}
  - {fileID: 2424593924324545165}
  - {fileID: 5339016092262229653}
  - {fileID: 7209241429280031686}
  - {fileID: 2202023077292913610}
  - {fileID: 8776811123556188965}
  - {fileID: 4729814996809367931}
  - {fileID: 1758729025136617990}
  - {fileID: 7922277562202445157}
  - {fileID: 5147047793535132911}
  m_Father: {fileID: 0}
  m_RootOrder: 0
  m_LocalEulerAnglesHint: {x: 0, y: 0, z: 0}
--- !u!114 &130742584180313660
MonoBehaviour:
  m_ObjectHideFlags: 0
  m_CorrespondingSourceObject: {fileID: 0}
  m_PrefabInstance: {fileID: 0}
  m_PrefabAsset: {fileID: 0}
  m_GameObject: {fileID: 2579708186516353506}
  m_Enabled: 1
  m_EditorHideFlags: 0
  m_Script: {fileID: 11500000, guid: 7a5ac11cc976e418e8d13136b07e1f52, type: 3}
  m_Name: 
  m_EditorClassIdentifier: 
  m_AgentTypeID: 0
  m_CollectObjects: 0
  m_Size: {x: 10, y: 10, z: 10}
  m_Center: {x: 0, y: 2, z: 0}
  m_LayerMask:
    serializedVersion: 2
    m_Bits: 4294967295
  m_UseGeometry: 0
  m_DefaultArea: 0
  m_IgnoreNavMeshAgent: 1
  m_IgnoreNavMeshObstacle: 1
  m_OverrideTileSize: 0
  m_TileSize: 256
  m_OverrideVoxelSize: 0
  m_VoxelSize: 0.16666667
  m_BuildHeightMesh: 0
  m_NavMeshData: {fileID: 23800000, guid: e34e2f5dda253984a9834b526200867a, type: 2}
--- !u!1 &8525934197483882028
GameObject:
  m_ObjectHideFlags: 0
  m_CorrespondingSourceObject: {fileID: 0}
  m_PrefabInstance: {fileID: 0}
  m_PrefabAsset: {fileID: 0}
  serializedVersion: 6
  m_Component:
  - component: {fileID: 8776811123556188965}
  - component: {fileID: 5145830091036837715}
  - component: {fileID: 2946114997216102249}
  - component: {fileID: 5492289793457437462}
  - component: {fileID: 5852844087580181756}
  m_Layer: 0
  m_Name: Camera
  m_TagString: MainCamera
  m_Icon: {fileID: 0}
  m_NavMeshLayer: 0
  m_StaticEditorFlags: 0
  m_IsActive: 1
--- !u!4 &8776811123556188965
Transform:
  m_ObjectHideFlags: 0
  m_CorrespondingSourceObject: {fileID: 0}
  m_PrefabInstance: {fileID: 0}
  m_PrefabAsset: {fileID: 0}
  m_GameObject: {fileID: 8525934197483882028}
  m_LocalRotation: {x: 0.13463318, y: -0.010333769, z: 0.0014041307, w: 0.9908407}
  m_LocalPosition: {x: -3.1569319, y: 17.445496, z: 31.044895}
  m_LocalScale: {x: 1, y: 1, z: 1}
  m_Children: []
  m_Father: {fileID: 4775383880112621667}
  m_RootOrder: 20
  m_LocalEulerAnglesHint: {x: 0, y: 0, z: 0}
--- !u!20 &5145830091036837715
Camera:
  m_ObjectHideFlags: 0
  m_CorrespondingSourceObject: {fileID: 0}
  m_PrefabInstance: {fileID: 0}
  m_PrefabAsset: {fileID: 0}
  m_GameObject: {fileID: 8525934197483882028}
  m_Enabled: 1
  serializedVersion: 2
  m_ClearFlags: 1
  m_BackGroundColor: {r: 0.19215687, g: 0.3019608, b: 0.4745098, a: 0}
  m_projectionMatrixMode: 1
  m_GateFitMode: 2
  m_FOVAxisMode: 0
  m_SensorSize: {x: 36, y: 24}
  m_LensShift: {x: 0, y: 0}
  m_FocalLength: 50
  m_NormalizedViewPortRect:
    serializedVersion: 2
    x: 0
    y: 0
    width: 1
    height: 1
  near clip plane: 0.1
  far clip plane: 5000
  field of view: 40
  orthographic: 0
  orthographic size: 5
  m_Depth: 0
  m_CullingMask:
    serializedVersion: 2
    m_Bits: 4294967295
  m_RenderingPath: -1
  m_TargetTexture: {fileID: 0}
  m_TargetDisplay: 0
  m_TargetEye: 3
  m_HDR: 1
  m_AllowMSAA: 1
  m_AllowDynamicResolution: 0
  m_ForceIntoRT: 0
  m_OcclusionCulling: 1
  m_StereoConvergence: 10
  m_StereoSeparation: 0.022
--- !u!81 &2946114997216102249
AudioListener:
  m_ObjectHideFlags: 0
  m_CorrespondingSourceObject: {fileID: 0}
  m_PrefabInstance: {fileID: 0}
  m_PrefabAsset: {fileID: 0}
  m_GameObject: {fileID: 8525934197483882028}
  m_Enabled: 1
--- !u!114 &5492289793457437462
MonoBehaviour:
  m_ObjectHideFlags: 0
  m_CorrespondingSourceObject: {fileID: 0}
  m_PrefabInstance: {fileID: 0}
  m_PrefabAsset: {fileID: 0}
  m_GameObject: {fileID: 8525934197483882028}
  m_Enabled: 1
  m_EditorHideFlags: 0
  m_Script: {fileID: 11500000, guid: 72ece51f2901e7445ab60da3685d6b5f, type: 3}
  m_Name: 
  m_EditorClassIdentifier: 
  m_ShowDebugText: 0
  m_ShowCameraFrustum: 1
  m_IgnoreTimeScale: 0
  m_WorldUpOverride: {fileID: 0}
  m_UpdateMethod: 2
  m_DefaultBlend:
    m_Style: 1
    m_Time: 2
    m_CustomCurve:
      serializedVersion: 2
      m_Curve: []
      m_PreInfinity: 2
      m_PostInfinity: 2
      m_RotationOrder: 4
  m_CustomBlends: {fileID: 0}
  m_CameraCutEvent:
    m_PersistentCalls:
      m_Calls: []
    m_TypeName: Cinemachine.CinemachineBrain+BrainEvent, Cinemachine, Version=0.0.0.0,
      Culture=neutral, PublicKeyToken=null
  m_CameraActivatedEvent:
    m_PersistentCalls:
      m_Calls: []
    m_TypeName: Cinemachine.CinemachineBrain+VcamActivatedEvent, Cinemachine, Version=0.0.0.0,
      Culture=neutral, PublicKeyToken=null
--- !u!114 &5852844087580181756
MonoBehaviour:
  m_ObjectHideFlags: 0
  m_CorrespondingSourceObject: {fileID: 0}
  m_PrefabInstance: {fileID: 0}
  m_PrefabAsset: {fileID: 0}
  m_GameObject: {fileID: 8525934197483882028}
  m_Enabled: 1
  m_EditorHideFlags: 0
  m_Script: {fileID: 11500000, guid: 036c89c2b64e5f3409f773fa0e7c4cdf, type: 3}
  m_Name: 
  m_EditorClassIdentifier: 
  cameras:
  - {fileID: 4736105223811595276}
  - {fileID: 6383106611981650692}
  - {fileID: 349851039464590975}
  - {fileID: 5145830091036837715}
  changeAudioListener: 1
--- !u!1001 &481280059037595842
PrefabInstance:
  m_ObjectHideFlags: 0
  serializedVersion: 2
  m_Modification:
    m_TransformParent: {fileID: 4775383880112621667}
    m_Modifications:
    - target: {fileID: 194089825012707688, guid: deaaa96f06da40a4b8099a7ef43dcd0f,
        type: 3}
      propertyPath: m_Name
      value: Skeleton_Armor
      objectReference: {fileID: 0}
    - target: {fileID: 191085107614203964, guid: deaaa96f06da40a4b8099a7ef43dcd0f,
        type: 3}
      propertyPath: m_LocalPosition.x
      value: -6.350625
      objectReference: {fileID: 0}
    - target: {fileID: 191085107614203964, guid: deaaa96f06da40a4b8099a7ef43dcd0f,
        type: 3}
      propertyPath: m_LocalPosition.y
      value: 15.212851
      objectReference: {fileID: 0}
    - target: {fileID: 191085107614203964, guid: deaaa96f06da40a4b8099a7ef43dcd0f,
        type: 3}
      propertyPath: m_LocalPosition.z
      value: 23.780762
      objectReference: {fileID: 0}
    - target: {fileID: 191085107614203964, guid: deaaa96f06da40a4b8099a7ef43dcd0f,
        type: 3}
      propertyPath: m_LocalRotation.x
      value: -0
      objectReference: {fileID: 0}
    - target: {fileID: 191085107614203964, guid: deaaa96f06da40a4b8099a7ef43dcd0f,
        type: 3}
      propertyPath: m_LocalRotation.y
      value: -0
      objectReference: {fileID: 0}
    - target: {fileID: 191085107614203964, guid: deaaa96f06da40a4b8099a7ef43dcd0f,
        type: 3}
      propertyPath: m_LocalRotation.z
      value: -0
      objectReference: {fileID: 0}
    - target: {fileID: 191085107614203964, guid: deaaa96f06da40a4b8099a7ef43dcd0f,
        type: 3}
      propertyPath: m_LocalRotation.w
      value: 1
      objectReference: {fileID: 0}
    - target: {fileID: 191085107614203964, guid: deaaa96f06da40a4b8099a7ef43dcd0f,
        type: 3}
      propertyPath: m_RootOrder
      value: 5
      objectReference: {fileID: 0}
    - target: {fileID: 191085107614203964, guid: deaaa96f06da40a4b8099a7ef43dcd0f,
        type: 3}
      propertyPath: m_LocalEulerAnglesHint.x
      value: 0
      objectReference: {fileID: 0}
    - target: {fileID: 191085107614203964, guid: deaaa96f06da40a4b8099a7ef43dcd0f,
        type: 3}
      propertyPath: m_LocalEulerAnglesHint.y
      value: 0
      objectReference: {fileID: 0}
    - target: {fileID: 191085107614203964, guid: deaaa96f06da40a4b8099a7ef43dcd0f,
        type: 3}
      propertyPath: m_LocalEulerAnglesHint.z
      value: 0
      objectReference: {fileID: 0}
    m_RemovedComponents: []
  m_SourcePrefab: {fileID: 100100000, guid: deaaa96f06da40a4b8099a7ef43dcd0f, type: 3}
--- !u!4 &291334630158399742 stripped
Transform:
  m_CorrespondingSourceObject: {fileID: 191085107614203964, guid: deaaa96f06da40a4b8099a7ef43dcd0f,
    type: 3}
  m_PrefabInstance: {fileID: 481280059037595842}
  m_PrefabAsset: {fileID: 0}
--- !u!1001 &1511882627805786186
PrefabInstance:
  m_ObjectHideFlags: 0
  serializedVersion: 2
  m_Modification:
    m_TransformParent: {fileID: 4775383880112621667}
    m_Modifications:
    - target: {fileID: 6203413885887569773, guid: e40be37cdaad16249a2f0d76ee4d44de,
        type: 3}
      propertyPath: m_Name
      value: Spawner (4)
      objectReference: {fileID: 0}
    - target: {fileID: 4228695803215800952, guid: e40be37cdaad16249a2f0d76ee4d44de,
        type: 3}
      propertyPath: m_LocalPosition.x
      value: 14
      objectReference: {fileID: 0}
    - target: {fileID: 4228695803215800952, guid: e40be37cdaad16249a2f0d76ee4d44de,
        type: 3}
      propertyPath: m_LocalPosition.y
      value: 10.9
      objectReference: {fileID: 0}
    - target: {fileID: 4228695803215800952, guid: e40be37cdaad16249a2f0d76ee4d44de,
        type: 3}
      propertyPath: m_LocalPosition.z
      value: -3.6
      objectReference: {fileID: 0}
    - target: {fileID: 4228695803215800952, guid: e40be37cdaad16249a2f0d76ee4d44de,
        type: 3}
      propertyPath: m_LocalRotation.x
      value: -0
      objectReference: {fileID: 0}
    - target: {fileID: 4228695803215800952, guid: e40be37cdaad16249a2f0d76ee4d44de,
        type: 3}
      propertyPath: m_LocalRotation.y
      value: -0
      objectReference: {fileID: 0}
    - target: {fileID: 4228695803215800952, guid: e40be37cdaad16249a2f0d76ee4d44de,
        type: 3}
      propertyPath: m_LocalRotation.z
      value: -0
      objectReference: {fileID: 0}
    - target: {fileID: 4228695803215800952, guid: e40be37cdaad16249a2f0d76ee4d44de,
        type: 3}
      propertyPath: m_LocalRotation.w
      value: 1
      objectReference: {fileID: 0}
    - target: {fileID: 4228695803215800952, guid: e40be37cdaad16249a2f0d76ee4d44de,
        type: 3}
      propertyPath: m_RootOrder
      value: 14
      objectReference: {fileID: 0}
    - target: {fileID: 4228695803215800952, guid: e40be37cdaad16249a2f0d76ee4d44de,
        type: 3}
      propertyPath: m_LocalEulerAnglesHint.x
      value: 0
      objectReference: {fileID: 0}
    - target: {fileID: 4228695803215800952, guid: e40be37cdaad16249a2f0d76ee4d44de,
        type: 3}
      propertyPath: m_LocalEulerAnglesHint.y
      value: 0
      objectReference: {fileID: 0}
    - target: {fileID: 4228695803215800952, guid: e40be37cdaad16249a2f0d76ee4d44de,
        type: 3}
      propertyPath: m_LocalEulerAnglesHint.z
      value: 0
      objectReference: {fileID: 0}
    m_RemovedComponents: []
  m_SourcePrefab: {fileID: 100100000, guid: e40be37cdaad16249a2f0d76ee4d44de, type: 3}
--- !u!4 &3338312263138171442 stripped
Transform:
  m_CorrespondingSourceObject: {fileID: 4228695803215800952, guid: e40be37cdaad16249a2f0d76ee4d44de,
    type: 3}
  m_PrefabInstance: {fileID: 1511882627805786186}
  m_PrefabAsset: {fileID: 0}
--- !u!1001 &1861409452535338644
PrefabInstance:
  m_ObjectHideFlags: 0
  serializedVersion: 2
  m_Modification:
    m_TransformParent: {fileID: 4775383880112621667}
    m_Modifications:
    - target: {fileID: 5853069326561848044, guid: 4c0ca07272639544bb2d66d3d0f27d41,
        type: 3}
      propertyPath: m_Name
      value: CM ClearShot1
      objectReference: {fileID: 0}
    - target: {fileID: 6374462260207622127, guid: 4c0ca07272639544bb2d66d3d0f27d41,
        type: 3}
      propertyPath: m_LocalPosition.x
      value: 0
      objectReference: {fileID: 0}
    - target: {fileID: 6374462260207622127, guid: 4c0ca07272639544bb2d66d3d0f27d41,
        type: 3}
      propertyPath: m_LocalPosition.y
      value: 0
      objectReference: {fileID: 0}
    - target: {fileID: 6374462260207622127, guid: 4c0ca07272639544bb2d66d3d0f27d41,
        type: 3}
      propertyPath: m_LocalPosition.z
      value: 0
      objectReference: {fileID: 0}
    - target: {fileID: 6374462260207622127, guid: 4c0ca07272639544bb2d66d3d0f27d41,
        type: 3}
      propertyPath: m_LocalRotation.x
      value: -0
      objectReference: {fileID: 0}
    - target: {fileID: 6374462260207622127, guid: 4c0ca07272639544bb2d66d3d0f27d41,
        type: 3}
      propertyPath: m_LocalRotation.y
      value: -0
      objectReference: {fileID: 0}
    - target: {fileID: 6374462260207622127, guid: 4c0ca07272639544bb2d66d3d0f27d41,
        type: 3}
      propertyPath: m_LocalRotation.z
      value: -0
      objectReference: {fileID: 0}
    - target: {fileID: 6374462260207622127, guid: 4c0ca07272639544bb2d66d3d0f27d41,
        type: 3}
      propertyPath: m_LocalRotation.w
      value: 1
      objectReference: {fileID: 0}
    - target: {fileID: 6374462260207622127, guid: 4c0ca07272639544bb2d66d3d0f27d41,
        type: 3}
      propertyPath: m_RootOrder
      value: 21
      objectReference: {fileID: 0}
    - target: {fileID: 6374462260207622127, guid: 4c0ca07272639544bb2d66d3d0f27d41,
        type: 3}
      propertyPath: m_LocalEulerAnglesHint.x
      value: 0
      objectReference: {fileID: 0}
    - target: {fileID: 6374462260207622127, guid: 4c0ca07272639544bb2d66d3d0f27d41,
        type: 3}
      propertyPath: m_LocalEulerAnglesHint.y
      value: 0
      objectReference: {fileID: 0}
    - target: {fileID: 6374462260207622127, guid: 4c0ca07272639544bb2d66d3d0f27d41,
        type: 3}
      propertyPath: m_LocalEulerAnglesHint.z
      value: 0
      objectReference: {fileID: 0}
    - target: {fileID: 7790623841978051673, guid: 4c0ca07272639544bb2d66d3d0f27d41,
        type: 3}
      propertyPath: m_LocalRotation.x
      value: 0.13463318
      objectReference: {fileID: 0}
    - target: {fileID: 7790623841978051673, guid: 4c0ca07272639544bb2d66d3d0f27d41,
        type: 3}
      propertyPath: m_LocalRotation.y
      value: -0.010333769
      objectReference: {fileID: 0}
    - target: {fileID: 7790623841978051673, guid: 4c0ca07272639544bb2d66d3d0f27d41,
        type: 3}
      propertyPath: m_LocalRotation.z
      value: 0.0014041307
      objectReference: {fileID: 0}
    - target: {fileID: 7790623841978051673, guid: 4c0ca07272639544bb2d66d3d0f27d41,
        type: 3}
      propertyPath: m_LocalRotation.w
      value: 0.9908407
      objectReference: {fileID: 0}
    - target: {fileID: 7790623841978051673, guid: 4c0ca07272639544bb2d66d3d0f27d41,
        type: 3}
      propertyPath: m_LocalPosition.x
      value: -3.1569319
      objectReference: {fileID: 0}
    - target: {fileID: 7790623841978051673, guid: 4c0ca07272639544bb2d66d3d0f27d41,
        type: 3}
      propertyPath: m_LocalPosition.y
      value: 17.445496
      objectReference: {fileID: 0}
    - target: {fileID: 7790623841978051673, guid: 4c0ca07272639544bb2d66d3d0f27d41,
        type: 3}
      propertyPath: m_LocalPosition.z
      value: 31.044895
      objectReference: {fileID: 0}
    - target: {fileID: 6656393531555589580, guid: 4c0ca07272639544bb2d66d3d0f27d41,
        type: 3}
      propertyPath: m_ChildCameras.Array.size
      value: 1
      objectReference: {fileID: 0}
    - target: {fileID: 6656393531555589580, guid: 4c0ca07272639544bb2d66d3d0f27d41,
        type: 3}
      propertyPath: m_LookAt
      value: 
      objectReference: {fileID: 5105048764799147880}
    - target: {fileID: 6656393531555589580, guid: 4c0ca07272639544bb2d66d3d0f27d41,
        type: 3}
      propertyPath: m_Follow
      value: 
      objectReference: {fileID: 5105048763854545485}
    m_RemovedComponents: []
  m_SourcePrefab: {fileID: 100100000, guid: 4c0ca07272639544bb2d66d3d0f27d41, type: 3}
--- !u!4 &4729814996809367931 stripped
Transform:
  m_CorrespondingSourceObject: {fileID: 6374462260207622127, guid: 4c0ca07272639544bb2d66d3d0f27d41,
    type: 3}
  m_PrefabInstance: {fileID: 1861409452535338644}
  m_PrefabAsset: {fileID: 0}
--- !u!1001 &1948575665132648693
PrefabInstance:
  m_ObjectHideFlags: 0
  serializedVersion: 2
  m_Modification:
    m_TransformParent: {fileID: 4775383880112621667}
    m_Modifications:
    - target: {fileID: 6203413885887569773, guid: e40be37cdaad16249a2f0d76ee4d44de,
        type: 3}
      propertyPath: m_Name
      value: Spawner (6)
      objectReference: {fileID: 0}
    - target: {fileID: 4228695803215800952, guid: e40be37cdaad16249a2f0d76ee4d44de,
        type: 3}
      propertyPath: m_LocalPosition.x
      value: 0.8
      objectReference: {fileID: 0}
    - target: {fileID: 4228695803215800952, guid: e40be37cdaad16249a2f0d76ee4d44de,
        type: 3}
      propertyPath: m_LocalPosition.y
      value: 16.64
      objectReference: {fileID: 0}
    - target: {fileID: 4228695803215800952, guid: e40be37cdaad16249a2f0d76ee4d44de,
        type: 3}
      propertyPath: m_LocalPosition.z
      value: 82
      objectReference: {fileID: 0}
    - target: {fileID: 4228695803215800952, guid: e40be37cdaad16249a2f0d76ee4d44de,
        type: 3}
      propertyPath: m_LocalRotation.x
      value: -0
      objectReference: {fileID: 0}
    - target: {fileID: 4228695803215800952, guid: e40be37cdaad16249a2f0d76ee4d44de,
        type: 3}
      propertyPath: m_LocalRotation.y
      value: -0
      objectReference: {fileID: 0}
    - target: {fileID: 4228695803215800952, guid: e40be37cdaad16249a2f0d76ee4d44de,
        type: 3}
      propertyPath: m_LocalRotation.z
      value: -0
      objectReference: {fileID: 0}
    - target: {fileID: 4228695803215800952, guid: e40be37cdaad16249a2f0d76ee4d44de,
        type: 3}
      propertyPath: m_LocalRotation.w
      value: 1
      objectReference: {fileID: 0}
    - target: {fileID: 4228695803215800952, guid: e40be37cdaad16249a2f0d76ee4d44de,
        type: 3}
      propertyPath: m_RootOrder
      value: 16
      objectReference: {fileID: 0}
    - target: {fileID: 4228695803215800952, guid: e40be37cdaad16249a2f0d76ee4d44de,
        type: 3}
      propertyPath: m_LocalEulerAnglesHint.x
      value: 0
      objectReference: {fileID: 0}
    - target: {fileID: 4228695803215800952, guid: e40be37cdaad16249a2f0d76ee4d44de,
        type: 3}
      propertyPath: m_LocalEulerAnglesHint.y
      value: 0
      objectReference: {fileID: 0}
    - target: {fileID: 4228695803215800952, guid: e40be37cdaad16249a2f0d76ee4d44de,
        type: 3}
      propertyPath: m_LocalEulerAnglesHint.z
      value: 0
      objectReference: {fileID: 0}
    m_RemovedComponents: []
  m_SourcePrefab: {fileID: 100100000, guid: e40be37cdaad16249a2f0d76ee4d44de, type: 3}
--- !u!4 &2424593924324545165 stripped
Transform:
  m_CorrespondingSourceObject: {fileID: 4228695803215800952, guid: e40be37cdaad16249a2f0d76ee4d44de,
    type: 3}
  m_PrefabInstance: {fileID: 1948575665132648693}
  m_PrefabAsset: {fileID: 0}
--- !u!1001 &2150243848163760280
PrefabInstance:
  m_ObjectHideFlags: 0
  serializedVersion: 2
  m_Modification:
    m_TransformParent: {fileID: 4775383880112621667}
    m_Modifications:
    - target: {fileID: 8818756842801007407, guid: bebbfefe582c90f4580fe3fc4020608e,
        type: 3}
      propertyPath: m_Name
      value: CM FreeLook1
      objectReference: {fileID: 0}
    - target: {fileID: 414174870804034206, guid: bebbfefe582c90f4580fe3fc4020608e,
        type: 3}
      propertyPath: m_LocalPosition.x
      value: -1.746725
      objectReference: {fileID: 0}
    - target: {fileID: 414174870804034206, guid: bebbfefe582c90f4580fe3fc4020608e,
        type: 3}
      propertyPath: m_LocalPosition.y
      value: 17.712528
      objectReference: {fileID: 0}
    - target: {fileID: 414174870804034206, guid: bebbfefe582c90f4580fe3fc4020608e,
        type: 3}
      propertyPath: m_LocalPosition.z
      value: 32.133064
      objectReference: {fileID: 0}
    - target: {fileID: 414174870804034206, guid: bebbfefe582c90f4580fe3fc4020608e,
        type: 3}
      propertyPath: m_LocalRotation.x
      value: -0
      objectReference: {fileID: 0}
    - target: {fileID: 414174870804034206, guid: bebbfefe582c90f4580fe3fc4020608e,
        type: 3}
      propertyPath: m_LocalRotation.y
      value: -0
      objectReference: {fileID: 0}
    - target: {fileID: 414174870804034206, guid: bebbfefe582c90f4580fe3fc4020608e,
        type: 3}
      propertyPath: m_LocalRotation.z
      value: -0
      objectReference: {fileID: 0}
    - target: {fileID: 414174870804034206, guid: bebbfefe582c90f4580fe3fc4020608e,
        type: 3}
      propertyPath: m_LocalRotation.w
      value: 1
      objectReference: {fileID: 0}
    - target: {fileID: 414174870804034206, guid: bebbfefe582c90f4580fe3fc4020608e,
        type: 3}
      propertyPath: m_RootOrder
      value: 22
      objectReference: {fileID: 0}
    - target: {fileID: 414174870804034206, guid: bebbfefe582c90f4580fe3fc4020608e,
        type: 3}
      propertyPath: m_LocalEulerAnglesHint.x
      value: 0
      objectReference: {fileID: 0}
    - target: {fileID: 414174870804034206, guid: bebbfefe582c90f4580fe3fc4020608e,
        type: 3}
      propertyPath: m_LocalEulerAnglesHint.y
      value: 0
      objectReference: {fileID: 0}
    - target: {fileID: 414174870804034206, guid: bebbfefe582c90f4580fe3fc4020608e,
        type: 3}
      propertyPath: m_LocalEulerAnglesHint.z
      value: 0
      objectReference: {fileID: 0}
    - target: {fileID: 585273453721171420, guid: bebbfefe582c90f4580fe3fc4020608e,
        type: 3}
      propertyPath: m_LocalRotation.x
      value: 0.17830184
      objectReference: {fileID: 0}
    - target: {fileID: 585273453721171420, guid: bebbfefe582c90f4580fe3fc4020608e,
        type: 3}
      propertyPath: m_LocalRotation.y
      value: -0.25726002
      objectReference: {fileID: 0}
    - target: {fileID: 585273453721171420, guid: bebbfefe582c90f4580fe3fc4020608e,
        type: 3}
      propertyPath: m_LocalRotation.z
      value: 0.048359554
      objectReference: {fileID: 0}
    - target: {fileID: 585273453721171420, guid: bebbfefe582c90f4580fe3fc4020608e,
        type: 3}
      propertyPath: m_LocalRotation.w
      value: 0.9485184
      objectReference: {fileID: 0}
    - target: {fileID: 585273453721171420, guid: bebbfefe582c90f4580fe3fc4020608e,
        type: 3}
      propertyPath: m_LocalPosition.x
      value: 0
      objectReference: {fileID: 0}
    - target: {fileID: 585273453721171420, guid: bebbfefe582c90f4580fe3fc4020608e,
        type: 3}
      propertyPath: m_LocalPosition.y
      value: 0
      objectReference: {fileID: 0}
    - target: {fileID: 585273453721171420, guid: bebbfefe582c90f4580fe3fc4020608e,
        type: 3}
      propertyPath: m_LocalPosition.z
      value: 0
      objectReference: {fileID: 0}
    - target: {fileID: 2277640281112123961, guid: bebbfefe582c90f4580fe3fc4020608e,
        type: 3}
      propertyPath: m_LocalRotation.x
      value: 0.161065
      objectReference: {fileID: 0}
    - target: {fileID: 2277640281112123961, guid: bebbfefe582c90f4580fe3fc4020608e,
        type: 3}
      propertyPath: m_LocalRotation.y
      value: -0.25809503
      objectReference: {fileID: 0}
    - target: {fileID: 2277640281112123961, guid: bebbfefe582c90f4580fe3fc4020608e,
        type: 3}
      propertyPath: m_LocalRotation.z
      value: 0.04368454
      objectReference: {fileID: 0}
    - target: {fileID: 2277640281112123961, guid: bebbfefe582c90f4580fe3fc4020608e,
        type: 3}
      propertyPath: m_LocalRotation.w
      value: 0.9515969
      objectReference: {fileID: 0}
    - target: {fileID: 2277640281112123961, guid: bebbfefe582c90f4580fe3fc4020608e,
        type: 3}
      propertyPath: m_LocalPosition.x
      value: 0
      objectReference: {fileID: 0}
    - target: {fileID: 2277640281112123961, guid: bebbfefe582c90f4580fe3fc4020608e,
        type: 3}
      propertyPath: m_LocalPosition.y
      value: 0
      objectReference: {fileID: 0}
    - target: {fileID: 2277640281112123961, guid: bebbfefe582c90f4580fe3fc4020608e,
        type: 3}
      propertyPath: m_LocalPosition.z
      value: 0
      objectReference: {fileID: 0}
    - target: {fileID: 6144634466034839740, guid: bebbfefe582c90f4580fe3fc4020608e,
        type: 3}
      propertyPath: m_LocalRotation.x
      value: 0.1955254
      objectReference: {fileID: 0}
    - target: {fileID: 6144634466034839740, guid: bebbfefe582c90f4580fe3fc4020608e,
        type: 3}
      propertyPath: m_LocalRotation.y
      value: -0.25633785
      objectReference: {fileID: 0}
    - target: {fileID: 6144634466034839740, guid: bebbfefe582c90f4580fe3fc4020608e,
        type: 3}
      propertyPath: m_LocalRotation.z
      value: 0.053030986
      objectReference: {fileID: 0}
    - target: {fileID: 6144634466034839740, guid: bebbfefe582c90f4580fe3fc4020608e,
        type: 3}
      propertyPath: m_LocalRotation.w
      value: 0.94511825
      objectReference: {fileID: 0}
    - target: {fileID: 6144634466034839740, guid: bebbfefe582c90f4580fe3fc4020608e,
        type: 3}
      propertyPath: m_LocalPosition.x
      value: 0
      objectReference: {fileID: 0}
    - target: {fileID: 6144634466034839740, guid: bebbfefe582c90f4580fe3fc4020608e,
        type: 3}
      propertyPath: m_LocalPosition.y
      value: 0
      objectReference: {fileID: 0}
    - target: {fileID: 6144634466034839740, guid: bebbfefe582c90f4580fe3fc4020608e,
        type: 3}
      propertyPath: m_LocalPosition.z
      value: 0
      objectReference: {fileID: 0}
    - target: {fileID: 3384836745312228469, guid: bebbfefe582c90f4580fe3fc4020608e,
        type: 3}
      propertyPath: m_Follow
      value: 
      objectReference: {fileID: 5105048763854545485}
    - target: {fileID: 3384836745312228469, guid: bebbfefe582c90f4580fe3fc4020608e,
        type: 3}
      propertyPath: m_LookAt
      value: 
      objectReference: {fileID: 5105048764799147880}
    m_RemovedComponents: []
  m_SourcePrefab: {fileID: 100100000, guid: bebbfefe582c90f4580fe3fc4020608e, type: 3}
--- !u!4 &1758729025136617990 stripped
Transform:
  m_CorrespondingSourceObject: {fileID: 414174870804034206, guid: bebbfefe582c90f4580fe3fc4020608e,
    type: 3}
  m_PrefabInstance: {fileID: 2150243848163760280}
  m_PrefabAsset: {fileID: 0}
--- !u!1001 &2151524807836658270
PrefabInstance:
  m_ObjectHideFlags: 0
  serializedVersion: 2
  m_Modification:
    m_TransformParent: {fileID: 4775383880112621667}
    m_Modifications:
    - target: {fileID: 6203413885887569773, guid: 1fb04e76f73665f4cb4ff514b808f1a6,
        type: 3}
      propertyPath: m_Name
      value: Exit
      objectReference: {fileID: 0}
    - target: {fileID: 4228695803215800952, guid: 1fb04e76f73665f4cb4ff514b808f1a6,
        type: 3}
      propertyPath: m_LocalPosition.x
      value: -22.37
      objectReference: {fileID: 0}
    - target: {fileID: 4228695803215800952, guid: 1fb04e76f73665f4cb4ff514b808f1a6,
        type: 3}
      propertyPath: m_LocalPosition.y
      value: 16.55
      objectReference: {fileID: 0}
    - target: {fileID: 4228695803215800952, guid: 1fb04e76f73665f4cb4ff514b808f1a6,
        type: 3}
      propertyPath: m_LocalPosition.z
      value: -29.2
      objectReference: {fileID: 0}
    - target: {fileID: 4228695803215800952, guid: 1fb04e76f73665f4cb4ff514b808f1a6,
        type: 3}
      propertyPath: m_LocalRotation.x
      value: -0
      objectReference: {fileID: 0}
    - target: {fileID: 4228695803215800952, guid: 1fb04e76f73665f4cb4ff514b808f1a6,
        type: 3}
      propertyPath: m_LocalRotation.y
      value: -0
      objectReference: {fileID: 0}
    - target: {fileID: 4228695803215800952, guid: 1fb04e76f73665f4cb4ff514b808f1a6,
        type: 3}
      propertyPath: m_LocalRotation.z
      value: -0
      objectReference: {fileID: 0}
    - target: {fileID: 4228695803215800952, guid: 1fb04e76f73665f4cb4ff514b808f1a6,
        type: 3}
      propertyPath: m_LocalRotation.w
      value: 1
      objectReference: {fileID: 0}
    - target: {fileID: 4228695803215800952, guid: 1fb04e76f73665f4cb4ff514b808f1a6,
        type: 3}
      propertyPath: m_RootOrder
      value: 9
      objectReference: {fileID: 0}
    - target: {fileID: 4228695803215800952, guid: 1fb04e76f73665f4cb4ff514b808f1a6,
        type: 3}
      propertyPath: m_LocalEulerAnglesHint.x
      value: 0
      objectReference: {fileID: 0}
    - target: {fileID: 4228695803215800952, guid: 1fb04e76f73665f4cb4ff514b808f1a6,
        type: 3}
      propertyPath: m_LocalEulerAnglesHint.y
      value: 0
      objectReference: {fileID: 0}
    - target: {fileID: 4228695803215800952, guid: 1fb04e76f73665f4cb4ff514b808f1a6,
        type: 3}
      propertyPath: m_LocalEulerAnglesHint.z
      value: 0
      objectReference: {fileID: 0}
    m_RemovedComponents: []
  m_SourcePrefab: {fileID: 100100000, guid: 1fb04e76f73665f4cb4ff514b808f1a6, type: 3}
--- !u!4 &2843064409693585446 stripped
Transform:
  m_CorrespondingSourceObject: {fileID: 4228695803215800952, guid: 1fb04e76f73665f4cb4ff514b808f1a6,
    type: 3}
  m_PrefabInstance: {fileID: 2151524807836658270}
  m_PrefabAsset: {fileID: 0}
--- !u!1001 &2256855462949702558
PrefabInstance:
  m_ObjectHideFlags: 0
  serializedVersion: 2
  m_Modification:
    m_TransformParent: {fileID: 4775383880112621667}
    m_Modifications:
    - target: {fileID: 81109407129549254, guid: a485b030dea20e040b7e03e5e2799cbe,
        type: 3}
      propertyPath: m_Name
      value: InGameHUD
      objectReference: {fileID: 0}
    - target: {fileID: 8259711040990453499, guid: a485b030dea20e040b7e03e5e2799cbe,
        type: 3}
      propertyPath: m_LocalPosition.x
      value: 0
      objectReference: {fileID: 0}
    - target: {fileID: 8259711040990453499, guid: a485b030dea20e040b7e03e5e2799cbe,
        type: 3}
      propertyPath: m_LocalPosition.y
      value: 0
      objectReference: {fileID: 0}
    - target: {fileID: 8259711040990453499, guid: a485b030dea20e040b7e03e5e2799cbe,
        type: 3}
      propertyPath: m_LocalPosition.z
      value: 0
      objectReference: {fileID: 0}
    - target: {fileID: 8259711040990453499, guid: a485b030dea20e040b7e03e5e2799cbe,
        type: 3}
      propertyPath: m_LocalRotation.x
      value: 0
      objectReference: {fileID: 0}
    - target: {fileID: 8259711040990453499, guid: a485b030dea20e040b7e03e5e2799cbe,
        type: 3}
      propertyPath: m_LocalRotation.y
      value: 0
      objectReference: {fileID: 0}
    - target: {fileID: 8259711040990453499, guid: a485b030dea20e040b7e03e5e2799cbe,
        type: 3}
      propertyPath: m_LocalRotation.z
      value: 0
      objectReference: {fileID: 0}
    - target: {fileID: 8259711040990453499, guid: a485b030dea20e040b7e03e5e2799cbe,
        type: 3}
      propertyPath: m_LocalRotation.w
      value: 1
      objectReference: {fileID: 0}
    - target: {fileID: 8259711040990453499, guid: a485b030dea20e040b7e03e5e2799cbe,
        type: 3}
      propertyPath: m_RootOrder
      value: 23
      objectReference: {fileID: 0}
    - target: {fileID: 8259711040990453499, guid: a485b030dea20e040b7e03e5e2799cbe,
        type: 3}
      propertyPath: m_LocalEulerAnglesHint.x
      value: 0
      objectReference: {fileID: 0}
    - target: {fileID: 8259711040990453499, guid: a485b030dea20e040b7e03e5e2799cbe,
        type: 3}
      propertyPath: m_LocalEulerAnglesHint.y
      value: 0
      objectReference: {fileID: 0}
    - target: {fileID: 8259711040990453499, guid: a485b030dea20e040b7e03e5e2799cbe,
        type: 3}
      propertyPath: m_LocalEulerAnglesHint.z
      value: 0
      objectReference: {fileID: 0}
    - target: {fileID: 8259711040990453499, guid: a485b030dea20e040b7e03e5e2799cbe,
        type: 3}
      propertyPath: m_AnchoredPosition.x
      value: 0
      objectReference: {fileID: 0}
    - target: {fileID: 8259711040990453499, guid: a485b030dea20e040b7e03e5e2799cbe,
        type: 3}
      propertyPath: m_AnchoredPosition.y
      value: 0
      objectReference: {fileID: 0}
    - target: {fileID: 8259711040990453499, guid: a485b030dea20e040b7e03e5e2799cbe,
        type: 3}
      propertyPath: m_SizeDelta.x
      value: 0
      objectReference: {fileID: 0}
    - target: {fileID: 8259711040990453499, guid: a485b030dea20e040b7e03e5e2799cbe,
        type: 3}
      propertyPath: m_SizeDelta.y
      value: 0
      objectReference: {fileID: 0}
    - target: {fileID: 8259711040990453499, guid: a485b030dea20e040b7e03e5e2799cbe,
        type: 3}
      propertyPath: m_AnchorMin.x
      value: 0
      objectReference: {fileID: 0}
    - target: {fileID: 8259711040990453499, guid: a485b030dea20e040b7e03e5e2799cbe,
        type: 3}
      propertyPath: m_AnchorMin.y
      value: 0
      objectReference: {fileID: 0}
    - target: {fileID: 8259711040990453499, guid: a485b030dea20e040b7e03e5e2799cbe,
        type: 3}
      propertyPath: m_AnchorMax.x
      value: 0
      objectReference: {fileID: 0}
    - target: {fileID: 8259711040990453499, guid: a485b030dea20e040b7e03e5e2799cbe,
        type: 3}
      propertyPath: m_AnchorMax.y
      value: 0
      objectReference: {fileID: 0}
    - target: {fileID: 8259711040990453499, guid: a485b030dea20e040b7e03e5e2799cbe,
        type: 3}
      propertyPath: m_Pivot.x
      value: 0
      objectReference: {fileID: 0}
    - target: {fileID: 8259711040990453499, guid: a485b030dea20e040b7e03e5e2799cbe,
        type: 3}
      propertyPath: m_Pivot.y
      value: 0
      objectReference: {fileID: 0}
    - target: {fileID: 109977449165683526, guid: a485b030dea20e040b7e03e5e2799cbe,
        type: 3}
      propertyPath: m_AnchorMax.x
      value: 0
      objectReference: {fileID: 0}
    - target: {fileID: 109977449165683526, guid: a485b030dea20e040b7e03e5e2799cbe,
        type: 3}
      propertyPath: m_AnchorMax.y
      value: 0
      objectReference: {fileID: 0}
    - target: {fileID: 3638512681271709915, guid: a485b030dea20e040b7e03e5e2799cbe,
        type: 3}
      propertyPath: m_AnchorMax.x
      value: 0
      objectReference: {fileID: 0}
    - target: {fileID: 3638512681271709915, guid: a485b030dea20e040b7e03e5e2799cbe,
        type: 3}
      propertyPath: m_AnchorMax.y
      value: 0
      objectReference: {fileID: 0}
    m_RemovedComponents: []
  m_SourcePrefab: {fileID: 100100000, guid: a485b030dea20e040b7e03e5e2799cbe, type: 3}
--- !u!114 &9082328383184299177 stripped
MonoBehaviour:
  m_CorrespondingSourceObject: {fileID: 7015235604931784503, guid: a485b030dea20e040b7e03e5e2799cbe,
    type: 3}
  m_PrefabInstance: {fileID: 2256855462949702558}
  m_PrefabAsset: {fileID: 0}
  m_GameObject: {fileID: 0}
  m_Enabled: 1
  m_EditorHideFlags: 0
  m_Script: {fileID: 11500000, guid: 67db9e8f0e2ae9c40bc1e2b64352a6b4, type: 3}
  m_Name: 
  m_EditorClassIdentifier: 
--- !u!114 &7334337191604607509 stripped
MonoBehaviour:
  m_CorrespondingSourceObject: {fileID: 8834156770604814731, guid: a485b030dea20e040b7e03e5e2799cbe,
    type: 3}
  m_PrefabInstance: {fileID: 2256855462949702558}
  m_PrefabAsset: {fileID: 0}
  m_GameObject: {fileID: 0}
  m_Enabled: 1
  m_EditorHideFlags: 0
  m_Script: {fileID: 11500000, guid: 67db9e8f0e2ae9c40bc1e2b64352a6b4, type: 3}
  m_Name: 
  m_EditorClassIdentifier: 
--- !u!114 &9036015576918566838 stripped
MonoBehaviour:
  m_CorrespondingSourceObject: {fileID: 7077290664633101352, guid: a485b030dea20e040b7e03e5e2799cbe,
    type: 3}
  m_PrefabInstance: {fileID: 2256855462949702558}
  m_PrefabAsset: {fileID: 0}
  m_GameObject: {fileID: 0}
  m_Enabled: 1
  m_EditorHideFlags: 0
  m_Script: {fileID: 11500000, guid: fe87c0e1cc204ed48ad3b37840f39efc, type: 3}
  m_Name: 
  m_EditorClassIdentifier: 
--- !u!224 &7922277562202445157 stripped
RectTransform:
  m_CorrespondingSourceObject: {fileID: 8259711040990453499, guid: a485b030dea20e040b7e03e5e2799cbe,
    type: 3}
  m_PrefabInstance: {fileID: 2256855462949702558}
  m_PrefabAsset: {fileID: 0}
--- !u!1001 &2442381688792106807
PrefabInstance:
  m_ObjectHideFlags: 0
  serializedVersion: 2
  m_Modification:
    m_TransformParent: {fileID: 4775383880112621667}
    m_Modifications:
    - target: {fileID: 194089825012707688, guid: deaaa96f06da40a4b8099a7ef43dcd0f,
        type: 3}
      propertyPath: m_Name
      value: Skeleton_Armor (1)
      objectReference: {fileID: 0}
    - target: {fileID: 191085107614203964, guid: deaaa96f06da40a4b8099a7ef43dcd0f,
        type: 3}
      propertyPath: m_LocalPosition.x
      value: 12.12836
      objectReference: {fileID: 0}
    - target: {fileID: 191085107614203964, guid: deaaa96f06da40a4b8099a7ef43dcd0f,
        type: 3}
      propertyPath: m_LocalPosition.y
      value: 10.212345
      objectReference: {fileID: 0}
    - target: {fileID: 191085107614203964, guid: deaaa96f06da40a4b8099a7ef43dcd0f,
        type: 3}
      propertyPath: m_LocalPosition.z
      value: 7.4734197
      objectReference: {fileID: 0}
    - target: {fileID: 191085107614203964, guid: deaaa96f06da40a4b8099a7ef43dcd0f,
        type: 3}
      propertyPath: m_LocalRotation.x
      value: -0
      objectReference: {fileID: 0}
    - target: {fileID: 191085107614203964, guid: deaaa96f06da40a4b8099a7ef43dcd0f,
        type: 3}
      propertyPath: m_LocalRotation.y
      value: -0
      objectReference: {fileID: 0}
    - target: {fileID: 191085107614203964, guid: deaaa96f06da40a4b8099a7ef43dcd0f,
        type: 3}
      propertyPath: m_LocalRotation.z
      value: -0
      objectReference: {fileID: 0}
    - target: {fileID: 191085107614203964, guid: deaaa96f06da40a4b8099a7ef43dcd0f,
        type: 3}
      propertyPath: m_LocalRotation.w
      value: 1
      objectReference: {fileID: 0}
    - target: {fileID: 191085107614203964, guid: deaaa96f06da40a4b8099a7ef43dcd0f,
        type: 3}
      propertyPath: m_RootOrder
      value: 6
      objectReference: {fileID: 0}
    - target: {fileID: 191085107614203964, guid: deaaa96f06da40a4b8099a7ef43dcd0f,
        type: 3}
      propertyPath: m_LocalEulerAnglesHint.x
      value: 0
      objectReference: {fileID: 0}
    - target: {fileID: 191085107614203964, guid: deaaa96f06da40a4b8099a7ef43dcd0f,
        type: 3}
      propertyPath: m_LocalEulerAnglesHint.y
      value: 0
      objectReference: {fileID: 0}
    - target: {fileID: 191085107614203964, guid: deaaa96f06da40a4b8099a7ef43dcd0f,
        type: 3}
      propertyPath: m_LocalEulerAnglesHint.z
      value: 0
      objectReference: {fileID: 0}
    m_RemovedComponents: []
  m_SourcePrefab: {fileID: 100100000, guid: deaaa96f06da40a4b8099a7ef43dcd0f, type: 3}
--- !u!4 &2541098710044575499 stripped
Transform:
  m_CorrespondingSourceObject: {fileID: 191085107614203964, guid: deaaa96f06da40a4b8099a7ef43dcd0f,
    type: 3}
  m_PrefabInstance: {fileID: 2442381688792106807}
  m_PrefabAsset: {fileID: 0}
--- !u!1001 &2603204003736934834
PrefabInstance:
  m_ObjectHideFlags: 0
  serializedVersion: 2
  m_Modification:
    m_TransformParent: {fileID: 4775383880112621667}
    m_Modifications:
    - target: {fileID: 6203413885887569773, guid: e40be37cdaad16249a2f0d76ee4d44de,
        type: 3}
      propertyPath: m_Name
      value: Spawner (9)
      objectReference: {fileID: 0}
    - target: {fileID: 4228695803215800952, guid: e40be37cdaad16249a2f0d76ee4d44de,
        type: 3}
      propertyPath: m_LocalPosition.x
      value: 0.2
      objectReference: {fileID: 0}
    - target: {fileID: 4228695803215800952, guid: e40be37cdaad16249a2f0d76ee4d44de,
        type: 3}
      propertyPath: m_LocalPosition.y
      value: 16.5
      objectReference: {fileID: 0}
    - target: {fileID: 4228695803215800952, guid: e40be37cdaad16249a2f0d76ee4d44de,
        type: 3}
      propertyPath: m_LocalPosition.z
      value: -65.9
      objectReference: {fileID: 0}
    - target: {fileID: 4228695803215800952, guid: e40be37cdaad16249a2f0d76ee4d44de,
        type: 3}
      propertyPath: m_LocalRotation.x
      value: -0
      objectReference: {fileID: 0}
    - target: {fileID: 4228695803215800952, guid: e40be37cdaad16249a2f0d76ee4d44de,
        type: 3}
      propertyPath: m_LocalRotation.y
      value: -0
      objectReference: {fileID: 0}
    - target: {fileID: 4228695803215800952, guid: e40be37cdaad16249a2f0d76ee4d44de,
        type: 3}
      propertyPath: m_LocalRotation.z
      value: -0
      objectReference: {fileID: 0}
    - target: {fileID: 4228695803215800952, guid: e40be37cdaad16249a2f0d76ee4d44de,
        type: 3}
      propertyPath: m_LocalRotation.w
      value: 1
      objectReference: {fileID: 0}
    - target: {fileID: 4228695803215800952, guid: e40be37cdaad16249a2f0d76ee4d44de,
        type: 3}
      propertyPath: m_RootOrder
      value: 19
      objectReference: {fileID: 0}
    - target: {fileID: 4228695803215800952, guid: e40be37cdaad16249a2f0d76ee4d44de,
        type: 3}
      propertyPath: m_LocalEulerAnglesHint.x
      value: 0
      objectReference: {fileID: 0}
    - target: {fileID: 4228695803215800952, guid: e40be37cdaad16249a2f0d76ee4d44de,
        type: 3}
      propertyPath: m_LocalEulerAnglesHint.y
      value: 0
      objectReference: {fileID: 0}
    - target: {fileID: 4228695803215800952, guid: e40be37cdaad16249a2f0d76ee4d44de,
        type: 3}
      propertyPath: m_LocalEulerAnglesHint.z
      value: 0
      objectReference: {fileID: 0}
    m_RemovedComponents: []
  m_SourcePrefab: {fileID: 100100000, guid: e40be37cdaad16249a2f0d76ee4d44de, type: 3}
--- !u!4 &2202023077292913610 stripped
Transform:
  m_CorrespondingSourceObject: {fileID: 4228695803215800952, guid: e40be37cdaad16249a2f0d76ee4d44de,
    type: 3}
  m_PrefabInstance: {fileID: 2603204003736934834}
  m_PrefabAsset: {fileID: 0}
--- !u!1001 &2684406214866416156
PrefabInstance:
  m_ObjectHideFlags: 0
  serializedVersion: 2
  m_Modification:
    m_TransformParent: {fileID: 4775383880112621667}
    m_Modifications:
    - target: {fileID: 6203413885887569773, guid: e40be37cdaad16249a2f0d76ee4d44de,
        type: 3}
      propertyPath: m_Name
      value: Spawner (5)
      objectReference: {fileID: 0}
    - target: {fileID: 4228695803215800952, guid: e40be37cdaad16249a2f0d76ee4d44de,
        type: 3}
      propertyPath: m_LocalPosition.x
      value: 16.8
      objectReference: {fileID: 0}
    - target: {fileID: 4228695803215800952, guid: e40be37cdaad16249a2f0d76ee4d44de,
        type: 3}
      propertyPath: m_LocalPosition.y
      value: 12.4
      objectReference: {fileID: 0}
    - target: {fileID: 4228695803215800952, guid: e40be37cdaad16249a2f0d76ee4d44de,
        type: 3}
      propertyPath: m_LocalPosition.z
      value: 13.3
      objectReference: {fileID: 0}
    - target: {fileID: 4228695803215800952, guid: e40be37cdaad16249a2f0d76ee4d44de,
        type: 3}
      propertyPath: m_LocalRotation.x
      value: -0
      objectReference: {fileID: 0}
    - target: {fileID: 4228695803215800952, guid: e40be37cdaad16249a2f0d76ee4d44de,
        type: 3}
      propertyPath: m_LocalRotation.y
      value: -0
      objectReference: {fileID: 0}
    - target: {fileID: 4228695803215800952, guid: e40be37cdaad16249a2f0d76ee4d44de,
        type: 3}
      propertyPath: m_LocalRotation.z
      value: -0
      objectReference: {fileID: 0}
    - target: {fileID: 4228695803215800952, guid: e40be37cdaad16249a2f0d76ee4d44de,
        type: 3}
      propertyPath: m_LocalRotation.w
      value: 1
      objectReference: {fileID: 0}
    - target: {fileID: 4228695803215800952, guid: e40be37cdaad16249a2f0d76ee4d44de,
        type: 3}
      propertyPath: m_RootOrder
      value: 15
      objectReference: {fileID: 0}
    - target: {fileID: 4228695803215800952, guid: e40be37cdaad16249a2f0d76ee4d44de,
        type: 3}
      propertyPath: m_LocalEulerAnglesHint.x
      value: 0
      objectReference: {fileID: 0}
    - target: {fileID: 4228695803215800952, guid: e40be37cdaad16249a2f0d76ee4d44de,
        type: 3}
      propertyPath: m_LocalEulerAnglesHint.y
      value: 0
      objectReference: {fileID: 0}
    - target: {fileID: 4228695803215800952, guid: e40be37cdaad16249a2f0d76ee4d44de,
        type: 3}
      propertyPath: m_LocalEulerAnglesHint.z
      value: 0
      objectReference: {fileID: 0}
    m_RemovedComponents: []
  m_SourcePrefab: {fileID: 100100000, guid: e40be37cdaad16249a2f0d76ee4d44de, type: 3}
--- !u!4 &2301257321892436068 stripped
Transform:
  m_CorrespondingSourceObject: {fileID: 4228695803215800952, guid: e40be37cdaad16249a2f0d76ee4d44de,
    type: 3}
  m_PrefabInstance: {fileID: 2684406214866416156}
  m_PrefabAsset: {fileID: 0}
--- !u!1001 &3921560531561570571
PrefabInstance:
  m_ObjectHideFlags: 0
  serializedVersion: 2
  m_Modification:
    m_TransformParent: {fileID: 4775383880112621667}
    m_Modifications:
    - target: {fileID: 455504394888389331, guid: bf91198e5f6181341bf8d07def69d54f,
        type: 3}
      propertyPath: m_Name
      value: SecurityCameras
      objectReference: {fileID: 0}
    - target: {fileID: 8143020722570511844, guid: bf91198e5f6181341bf8d07def69d54f,
        type: 3}
      propertyPath: m_LocalPosition.x
      value: 0
      objectReference: {fileID: 0}
    - target: {fileID: 8143020722570511844, guid: bf91198e5f6181341bf8d07def69d54f,
        type: 3}
      propertyPath: m_LocalPosition.y
      value: 0
      objectReference: {fileID: 0}
    - target: {fileID: 8143020722570511844, guid: bf91198e5f6181341bf8d07def69d54f,
        type: 3}
      propertyPath: m_LocalPosition.z
      value: 0
      objectReference: {fileID: 0}
    - target: {fileID: 8143020722570511844, guid: bf91198e5f6181341bf8d07def69d54f,
        type: 3}
      propertyPath: m_LocalRotation.x
      value: 0
      objectReference: {fileID: 0}
    - target: {fileID: 8143020722570511844, guid: bf91198e5f6181341bf8d07def69d54f,
        type: 3}
      propertyPath: m_LocalRotation.y
      value: 0
      objectReference: {fileID: 0}
    - target: {fileID: 8143020722570511844, guid: bf91198e5f6181341bf8d07def69d54f,
        type: 3}
      propertyPath: m_LocalRotation.z
      value: 0
      objectReference: {fileID: 0}
    - target: {fileID: 8143020722570511844, guid: bf91198e5f6181341bf8d07def69d54f,
        type: 3}
      propertyPath: m_LocalRotation.w
      value: 1
      objectReference: {fileID: 0}
    - target: {fileID: 8143020722570511844, guid: bf91198e5f6181341bf8d07def69d54f,
        type: 3}
      propertyPath: m_RootOrder
      value: 24
      objectReference: {fileID: 0}
    - target: {fileID: 8143020722570511844, guid: bf91198e5f6181341bf8d07def69d54f,
        type: 3}
      propertyPath: m_LocalEulerAnglesHint.x
      value: 0
      objectReference: {fileID: 0}
    - target: {fileID: 8143020722570511844, guid: bf91198e5f6181341bf8d07def69d54f,
        type: 3}
      propertyPath: m_LocalEulerAnglesHint.y
      value: 0
      objectReference: {fileID: 0}
    - target: {fileID: 8143020722570511844, guid: bf91198e5f6181341bf8d07def69d54f,
        type: 3}
      propertyPath: m_LocalEulerAnglesHint.z
      value: 0
      objectReference: {fileID: 0}
    - target: {fileID: 1598641241138704743, guid: bf91198e5f6181341bf8d07def69d54f,
        type: 3}
      propertyPath: m_LocalPosition.x
      value: -6.51
      objectReference: {fileID: 0}
    - target: {fileID: 1598641241138704743, guid: bf91198e5f6181341bf8d07def69d54f,
        type: 3}
      propertyPath: m_LocalPosition.y
      value: 25.13
      objectReference: {fileID: 0}
    - target: {fileID: 1598641241138704743, guid: bf91198e5f6181341bf8d07def69d54f,
        type: 3}
      propertyPath: m_LocalPosition.z
      value: -40.51
      objectReference: {fileID: 0}
    - target: {fileID: 1598641241138704743, guid: bf91198e5f6181341bf8d07def69d54f,
        type: 3}
      propertyPath: m_LocalRotation.x
      value: 0.2307948
      objectReference: {fileID: 0}
    - target: {fileID: 1598641241138704743, guid: bf91198e5f6181341bf8d07def69d54f,
        type: 3}
      propertyPath: m_LocalRotation.y
      value: 0.66838145
      objectReference: {fileID: 0}
    - target: {fileID: 1598641241138704743, guid: bf91198e5f6181341bf8d07def69d54f,
        type: 3}
      propertyPath: m_LocalRotation.z
      value: -0.2307948
      objectReference: {fileID: 0}
    - target: {fileID: 1598641241138704743, guid: bf91198e5f6181341bf8d07def69d54f,
        type: 3}
      propertyPath: m_LocalRotation.w
      value: 0.66838145
      objectReference: {fileID: 0}
    - target: {fileID: 1598641241138704743, guid: bf91198e5f6181341bf8d07def69d54f,
        type: 3}
      propertyPath: m_LocalEulerAnglesHint.x
      value: 38.1
      objectReference: {fileID: 0}
    - target: {fileID: 1409570329311058712, guid: bf91198e5f6181341bf8d07def69d54f,
        type: 3}
      propertyPath: m_LocalPosition.x
      value: 21.47
      objectReference: {fileID: 0}
    - target: {fileID: 1409570329311058712, guid: bf91198e5f6181341bf8d07def69d54f,
        type: 3}
      propertyPath: m_LocalPosition.y
      value: 14.59
      objectReference: {fileID: 0}
    - target: {fileID: 1409570329311058712, guid: bf91198e5f6181341bf8d07def69d54f,
        type: 3}
      propertyPath: m_LocalPosition.z
      value: -29.5
      objectReference: {fileID: 0}
    - target: {fileID: 1409570329311058712, guid: bf91198e5f6181341bf8d07def69d54f,
        type: 3}
      propertyPath: m_LocalRotation.x
      value: 0.22945282
      objectReference: {fileID: 0}
    - target: {fileID: 1409570329311058712, guid: bf91198e5f6181341bf8d07def69d54f,
        type: 3}
      propertyPath: m_LocalRotation.y
      value: 0.6688433
      objectReference: {fileID: 0}
    - target: {fileID: 1409570329311058712, guid: bf91198e5f6181341bf8d07def69d54f,
        type: 3}
      propertyPath: m_LocalRotation.z
      value: -0.22945282
      objectReference: {fileID: 0}
    - target: {fileID: 1409570329311058712, guid: bf91198e5f6181341bf8d07def69d54f,
        type: 3}
      propertyPath: m_LocalRotation.w
      value: 0.6688433
      objectReference: {fileID: 0}
    - target: {fileID: 1409570329311058712, guid: bf91198e5f6181341bf8d07def69d54f,
        type: 3}
      propertyPath: m_LocalEulerAnglesHint.x
      value: 37.87
      objectReference: {fileID: 0}
    - target: {fileID: 8041838938246715956, guid: bf91198e5f6181341bf8d07def69d54f,
        type: 3}
      propertyPath: m_LocalRotation.x
      value: 0.09082481
      objectReference: {fileID: 0}
    - target: {fileID: 8041838938246715956, guid: bf91198e5f6181341bf8d07def69d54f,
        type: 3}
      propertyPath: m_LocalRotation.y
      value: 0.9074664
      objectReference: {fileID: 0}
    - target: {fileID: 8041838938246715956, guid: bf91198e5f6181341bf8d07def69d54f,
        type: 3}
      propertyPath: m_LocalRotation.z
      value: -0.31779015
      objectReference: {fileID: 0}
    - target: {fileID: 8041838938246715956, guid: bf91198e5f6181341bf8d07def69d54f,
        type: 3}
      propertyPath: m_LocalRotation.w
      value: 0.259355
      objectReference: {fileID: 0}
    - target: {fileID: 8041838938246715956, guid: bf91198e5f6181341bf8d07def69d54f,
        type: 3}
      propertyPath: m_LocalEulerAnglesHint.x
      value: 38.6
      objectReference: {fileID: 0}
    - target: {fileID: 5204562190910537090, guid: bf91198e5f6181341bf8d07def69d54f,
        type: 3}
      propertyPath: m_LocalRotation.x
      value: 0.28557545
      objectReference: {fileID: 0}
    - target: {fileID: 5204562190910537090, guid: bf91198e5f6181341bf8d07def69d54f,
        type: 3}
      propertyPath: m_LocalRotation.y
      value: -0.64687455
      objectReference: {fileID: 0}
    - target: {fileID: 5204562190910537090, guid: bf91198e5f6181341bf8d07def69d54f,
        type: 3}
      propertyPath: m_LocalRotation.z
      value: 0.28557545
      objectReference: {fileID: 0}
    - target: {fileID: 5204562190910537090, guid: bf91198e5f6181341bf8d07def69d54f,
        type: 3}
      propertyPath: m_LocalRotation.w
      value: 0.64687455
      objectReference: {fileID: 0}
    - target: {fileID: 5204562190910537090, guid: bf91198e5f6181341bf8d07def69d54f,
        type: 3}
      propertyPath: m_LocalEulerAnglesHint.x
      value: 47.64
      objectReference: {fileID: 0}
    m_RemovedComponents: []
  m_SourcePrefab: {fileID: 100100000, guid: bf91198e5f6181341bf8d07def69d54f, type: 3}
--- !u!4 &5147047793535132911 stripped
Transform:
  m_CorrespondingSourceObject: {fileID: 8143020722570511844, guid: bf91198e5f6181341bf8d07def69d54f,
    type: 3}
  m_PrefabInstance: {fileID: 3921560531561570571}
  m_PrefabAsset: {fileID: 0}
--- !u!1001 &3991107731437742231
PrefabInstance:
  m_ObjectHideFlags: 0
  serializedVersion: 2
  m_Modification:
    m_TransformParent: {fileID: 4775383880112621667}
    m_Modifications:
    - target: {fileID: 6998687521920614692, guid: 2e7470127de81ea4b947d46cd7cfb1c8,
        type: 3}
      propertyPath: m_Name
      value: Golem (2)
      objectReference: {fileID: 0}
    - target: {fileID: 7002032197464815814, guid: 2e7470127de81ea4b947d46cd7cfb1c8,
        type: 3}
      propertyPath: m_LocalPosition.x
      value: 0.8246051
      objectReference: {fileID: 0}
    - target: {fileID: 7002032197464815814, guid: 2e7470127de81ea4b947d46cd7cfb1c8,
        type: 3}
      propertyPath: m_LocalPosition.y
      value: 15.212473
      objectReference: {fileID: 0}
    - target: {fileID: 7002032197464815814, guid: 2e7470127de81ea4b947d46cd7cfb1c8,
        type: 3}
      propertyPath: m_LocalPosition.z
      value: -84.972046
      objectReference: {fileID: 0}
    - target: {fileID: 7002032197464815814, guid: 2e7470127de81ea4b947d46cd7cfb1c8,
        type: 3}
      propertyPath: m_LocalRotation.x
      value: -0
      objectReference: {fileID: 0}
    - target: {fileID: 7002032197464815814, guid: 2e7470127de81ea4b947d46cd7cfb1c8,
        type: 3}
      propertyPath: m_LocalRotation.y
      value: -0
      objectReference: {fileID: 0}
    - target: {fileID: 7002032197464815814, guid: 2e7470127de81ea4b947d46cd7cfb1c8,
        type: 3}
      propertyPath: m_LocalRotation.z
      value: -0
      objectReference: {fileID: 0}
    - target: {fileID: 7002032197464815814, guid: 2e7470127de81ea4b947d46cd7cfb1c8,
        type: 3}
      propertyPath: m_LocalRotation.w
      value: 1
      objectReference: {fileID: 0}
    - target: {fileID: 7002032197464815814, guid: 2e7470127de81ea4b947d46cd7cfb1c8,
        type: 3}
      propertyPath: m_RootOrder
      value: 8
      objectReference: {fileID: 0}
    - target: {fileID: 7002032197464815814, guid: 2e7470127de81ea4b947d46cd7cfb1c8,
        type: 3}
      propertyPath: m_LocalEulerAnglesHint.x
      value: 0
      objectReference: {fileID: 0}
    - target: {fileID: 7002032197464815814, guid: 2e7470127de81ea4b947d46cd7cfb1c8,
        type: 3}
      propertyPath: m_LocalEulerAnglesHint.y
      value: 0
      objectReference: {fileID: 0}
    - target: {fileID: 7002032197464815814, guid: 2e7470127de81ea4b947d46cd7cfb1c8,
        type: 3}
      propertyPath: m_LocalEulerAnglesHint.z
      value: 0
      objectReference: {fileID: 0}
    m_RemovedComponents: []
  m_SourcePrefab: {fileID: 100100000, guid: 2e7470127de81ea4b947d46cd7cfb1c8, type: 3}
--- !u!4 &6219317675258384465 stripped
Transform:
  m_CorrespondingSourceObject: {fileID: 7002032197464815814, guid: 2e7470127de81ea4b947d46cd7cfb1c8,
    type: 3}
  m_PrefabInstance: {fileID: 3991107731437742231}
  m_PrefabAsset: {fileID: 0}
--- !u!1001 &4242166650427592837
PrefabInstance:
  m_ObjectHideFlags: 0
  serializedVersion: 2
  m_Modification:
    m_TransformParent: {fileID: 4775383880112621667}
    m_Modifications:
    - target: {fileID: 413350497592602192, guid: 6ebaabeb2a2928348ab0727a2e3ca186,
        type: 3}
      propertyPath: m_Name
      value: BuildComponent (2)
      objectReference: {fileID: 0}
    - target: {fileID: 2112113604067955680, guid: 6ebaabeb2a2928348ab0727a2e3ca186,
        type: 3}
      propertyPath: m_LocalPosition.x
      value: 15.43351
      objectReference: {fileID: 0}
    - target: {fileID: 2112113604067955680, guid: 6ebaabeb2a2928348ab0727a2e3ca186,
        type: 3}
      propertyPath: m_LocalPosition.y
      value: 28.40916
      objectReference: {fileID: 0}
    - target: {fileID: 2112113604067955680, guid: 6ebaabeb2a2928348ab0727a2e3ca186,
        type: 3}
      propertyPath: m_LocalPosition.z
      value: -33.827858
      objectReference: {fileID: 0}
    - target: {fileID: 2112113604067955680, guid: 6ebaabeb2a2928348ab0727a2e3ca186,
        type: 3}
      propertyPath: m_LocalRotation.x
      value: -0
      objectReference: {fileID: 0}
    - target: {fileID: 2112113604067955680, guid: 6ebaabeb2a2928348ab0727a2e3ca186,
        type: 3}
      propertyPath: m_LocalRotation.y
      value: -0
      objectReference: {fileID: 0}
    - target: {fileID: 2112113604067955680, guid: 6ebaabeb2a2928348ab0727a2e3ca186,
        type: 3}
      propertyPath: m_LocalRotation.z
      value: -0
      objectReference: {fileID: 0}
    - target: {fileID: 2112113604067955680, guid: 6ebaabeb2a2928348ab0727a2e3ca186,
        type: 3}
      propertyPath: m_LocalRotation.w
      value: 1
      objectReference: {fileID: 0}
    - target: {fileID: 2112113604067955680, guid: 6ebaabeb2a2928348ab0727a2e3ca186,
        type: 3}
      propertyPath: m_RootOrder
      value: 1
      objectReference: {fileID: 0}
    - target: {fileID: 2112113604067955680, guid: 6ebaabeb2a2928348ab0727a2e3ca186,
        type: 3}
      propertyPath: m_LocalEulerAnglesHint.x
      value: 0
      objectReference: {fileID: 0}
    - target: {fileID: 2112113604067955680, guid: 6ebaabeb2a2928348ab0727a2e3ca186,
        type: 3}
      propertyPath: m_LocalEulerAnglesHint.y
      value: 0
      objectReference: {fileID: 0}
    - target: {fileID: 2112113604067955680, guid: 6ebaabeb2a2928348ab0727a2e3ca186,
        type: 3}
      propertyPath: m_LocalEulerAnglesHint.z
      value: 0
      objectReference: {fileID: 0}
    - target: {fileID: 2112113604067955680, guid: 6ebaabeb2a2928348ab0727a2e3ca186,
        type: 3}
      propertyPath: m_LocalScale.z
      value: -1
      objectReference: {fileID: 0}
    m_RemovedComponents: []
  m_SourcePrefab: {fileID: 100100000, guid: 6ebaabeb2a2928348ab0727a2e3ca186, type: 3}
--- !u!4 &2850928331027858277 stripped
Transform:
  m_CorrespondingSourceObject: {fileID: 2112113604067955680, guid: 6ebaabeb2a2928348ab0727a2e3ca186,
    type: 3}
  m_PrefabInstance: {fileID: 4242166650427592837}
  m_PrefabAsset: {fileID: 0}
--- !u!1001 &4390049405035035606
PrefabInstance:
  m_ObjectHideFlags: 0
  serializedVersion: 2
  m_Modification:
    m_TransformParent: {fileID: 4775383880112621667}
    m_Modifications:
    - target: {fileID: 2877406512238761637, guid: a3f0d3359b500d74e889890a262e1ec5,
        type: 3}
      propertyPath: m_Name
      value: Sword
      objectReference: {fileID: 0}
    - target: {fileID: 2877406512238761647, guid: a3f0d3359b500d74e889890a262e1ec5,
        type: 3}
      propertyPath: m_LocalPosition.x
      value: -2.64
      objectReference: {fileID: 0}
    - target: {fileID: 2877406512238761647, guid: a3f0d3359b500d74e889890a262e1ec5,
        type: 3}
      propertyPath: m_LocalPosition.y
      value: 15.33
      objectReference: {fileID: 0}
    - target: {fileID: 2877406512238761647, guid: a3f0d3359b500d74e889890a262e1ec5,
        type: 3}
      propertyPath: m_LocalPosition.z
      value: 39.64
      objectReference: {fileID: 0}
    - target: {fileID: 2877406512238761647, guid: a3f0d3359b500d74e889890a262e1ec5,
        type: 3}
      propertyPath: m_LocalRotation.x
      value: 0.42071134
      objectReference: {fileID: 0}
    - target: {fileID: 2877406512238761647, guid: a3f0d3359b500d74e889890a262e1ec5,
        type: 3}
      propertyPath: m_LocalRotation.y
      value: 0.50501645
      objectReference: {fileID: 0}
    - target: {fileID: 2877406512238761647, guid: a3f0d3359b500d74e889890a262e1ec5,
        type: 3}
      propertyPath: m_LocalRotation.z
      value: 0.485983
      objectReference: {fileID: 0}
    - target: {fileID: 2877406512238761647, guid: a3f0d3359b500d74e889890a262e1ec5,
        type: 3}
      propertyPath: m_LocalRotation.w
      value: 0.57600427
      objectReference: {fileID: 0}
    - target: {fileID: 2877406512238761647, guid: a3f0d3359b500d74e889890a262e1ec5,
        type: 3}
      propertyPath: m_RootOrder
      value: 3
      objectReference: {fileID: 0}
    - target: {fileID: 2877406512238761647, guid: a3f0d3359b500d74e889890a262e1ec5,
        type: 3}
      propertyPath: m_LocalEulerAnglesHint.x
      value: -0.35500002
      objectReference: {fileID: 0}
    - target: {fileID: 2877406512238761647, guid: a3f0d3359b500d74e889890a262e1ec5,
        type: 3}
      propertyPath: m_LocalEulerAnglesHint.y
      value: 82.188
      objectReference: {fileID: 0}
    - target: {fileID: 2877406512238761647, guid: a3f0d3359b500d74e889890a262e1ec5,
        type: 3}
      propertyPath: m_LocalEulerAnglesHint.z
      value: 80
      objectReference: {fileID: 0}
    - target: {fileID: 2877406512238761647, guid: a3f0d3359b500d74e889890a262e1ec5,
        type: 3}
      propertyPath: m_LocalScale.x
      value: 1.0000005
      objectReference: {fileID: 0}
    - target: {fileID: 2877406512238761647, guid: a3f0d3359b500d74e889890a262e1ec5,
        type: 3}
      propertyPath: m_LocalScale.y
      value: 1.0000005
      objectReference: {fileID: 0}
    - target: {fileID: 2877406512238761647, guid: a3f0d3359b500d74e889890a262e1ec5,
        type: 3}
      propertyPath: m_LocalScale.z
      value: 1.0000005
      objectReference: {fileID: 0}
    - target: {fileID: 2877406512238761644, guid: a3f0d3359b500d74e889890a262e1ec5,
        type: 3}
      propertyPath: HealthBar
      value: 
      objectReference: {fileID: 7334337191604607509}
    m_RemovedComponents: []
  m_SourcePrefab: {fileID: 100100000, guid: a3f0d3359b500d74e889890a262e1ec5, type: 3}
--- !u!4 &1946134854943124857 stripped
Transform:
  m_CorrespondingSourceObject: {fileID: 2877406512238761647, guid: a3f0d3359b500d74e889890a262e1ec5,
    type: 3}
  m_PrefabInstance: {fileID: 4390049405035035606}
  m_PrefabAsset: {fileID: 0}
--- !u!1001 &5182521013492632211
PrefabInstance:
  m_ObjectHideFlags: 0
  serializedVersion: 2
  m_Modification:
    m_TransformParent: {fileID: 4775383880112621667}
    m_Modifications:
    - target: {fileID: 6998687521920614692, guid: 2e7470127de81ea4b947d46cd7cfb1c8,
        type: 3}
      propertyPath: m_Name
      value: Golem
      objectReference: {fileID: 0}
    - target: {fileID: 7002032197464815814, guid: 2e7470127de81ea4b947d46cd7cfb1c8,
        type: 3}
      propertyPath: m_LocalPosition.x
      value: 2.2827778
      objectReference: {fileID: 0}
    - target: {fileID: 7002032197464815814, guid: 2e7470127de81ea4b947d46cd7cfb1c8,
        type: 3}
      propertyPath: m_LocalPosition.y
      value: 15.212501
      objectReference: {fileID: 0}
    - target: {fileID: 7002032197464815814, guid: 2e7470127de81ea4b947d46cd7cfb1c8,
        type: 3}
      propertyPath: m_LocalPosition.z
      value: 55.643166
      objectReference: {fileID: 0}
    - target: {fileID: 7002032197464815814, guid: 2e7470127de81ea4b947d46cd7cfb1c8,
        type: 3}
      propertyPath: m_LocalRotation.x
      value: 0
      objectReference: {fileID: 0}
    - target: {fileID: 7002032197464815814, guid: 2e7470127de81ea4b947d46cd7cfb1c8,
        type: 3}
      propertyPath: m_LocalRotation.y
      value: -1
      objectReference: {fileID: 0}
    - target: {fileID: 7002032197464815814, guid: 2e7470127de81ea4b947d46cd7cfb1c8,
        type: 3}
      propertyPath: m_LocalRotation.z
      value: 0
      objectReference: {fileID: 0}
    - target: {fileID: 7002032197464815814, guid: 2e7470127de81ea4b947d46cd7cfb1c8,
        type: 3}
      propertyPath: m_LocalRotation.w
      value: 0
      objectReference: {fileID: 0}
    - target: {fileID: 7002032197464815814, guid: 2e7470127de81ea4b947d46cd7cfb1c8,
        type: 3}
      propertyPath: m_RootOrder
      value: 4
      objectReference: {fileID: 0}
    - target: {fileID: 7002032197464815814, guid: 2e7470127de81ea4b947d46cd7cfb1c8,
        type: 3}
      propertyPath: m_LocalEulerAnglesHint.x
      value: 0
      objectReference: {fileID: 0}
    - target: {fileID: 7002032197464815814, guid: 2e7470127de81ea4b947d46cd7cfb1c8,
        type: 3}
      propertyPath: m_LocalEulerAnglesHint.y
      value: -180
      objectReference: {fileID: 0}
    - target: {fileID: 7002032197464815814, guid: 2e7470127de81ea4b947d46cd7cfb1c8,
        type: 3}
      propertyPath: m_LocalEulerAnglesHint.z
      value: 0
      objectReference: {fileID: 0}
    m_RemovedComponents: []
  m_SourcePrefab: {fileID: 100100000, guid: 2e7470127de81ea4b947d46cd7cfb1c8, type: 3}
--- !u!4 &2792289253777027669 stripped
Transform:
  m_CorrespondingSourceObject: {fileID: 7002032197464815814, guid: 2e7470127de81ea4b947d46cd7cfb1c8,
    type: 3}
  m_PrefabInstance: {fileID: 5182521013492632211}
  m_PrefabAsset: {fileID: 0}
--- !u!1001 &6074641559191682113
PrefabInstance:
  m_ObjectHideFlags: 0
  serializedVersion: 2
  m_Modification:
    m_TransformParent: {fileID: 4775383880112621667}
    m_Modifications:
    - target: {fileID: 1339170655318908426, guid: c7f9572e21a0d314d82733e7f790283e,
        type: 3}
      propertyPath: m_Name
      value: Knight
      objectReference: {fileID: 0}
    - target: {fileID: 1339170655318908428, guid: c7f9572e21a0d314d82733e7f790283e,
        type: 3}
      propertyPath: m_LocalPosition.x
      value: -3.2325697
      objectReference: {fileID: 0}
    - target: {fileID: 1339170655318908428, guid: c7f9572e21a0d314d82733e7f790283e,
        type: 3}
      propertyPath: m_LocalPosition.y
      value: 15.212528
      objectReference: {fileID: 0}
    - target: {fileID: 1339170655318908428, guid: c7f9572e21a0d314d82733e7f790283e,
        type: 3}
      propertyPath: m_LocalPosition.z
      value: 34.73926
      objectReference: {fileID: 0}
    - target: {fileID: 1339170655318908428, guid: c7f9572e21a0d314d82733e7f790283e,
        type: 3}
      propertyPath: m_LocalRotation.x
      value: -0
      objectReference: {fileID: 0}
    - target: {fileID: 1339170655318908428, guid: c7f9572e21a0d314d82733e7f790283e,
        type: 3}
      propertyPath: m_LocalRotation.y
      value: -0
      objectReference: {fileID: 0}
    - target: {fileID: 1339170655318908428, guid: c7f9572e21a0d314d82733e7f790283e,
        type: 3}
      propertyPath: m_LocalRotation.z
      value: -0
      objectReference: {fileID: 0}
    - target: {fileID: 1339170655318908428, guid: c7f9572e21a0d314d82733e7f790283e,
        type: 3}
      propertyPath: m_LocalRotation.w
      value: 1
      objectReference: {fileID: 0}
    - target: {fileID: 1339170655318908428, guid: c7f9572e21a0d314d82733e7f790283e,
        type: 3}
      propertyPath: m_RootOrder
      value: 2
      objectReference: {fileID: 0}
    - target: {fileID: 1339170655318908428, guid: c7f9572e21a0d314d82733e7f790283e,
        type: 3}
      propertyPath: m_LocalEulerAnglesHint.x
      value: 0
      objectReference: {fileID: 0}
    - target: {fileID: 1339170655318908428, guid: c7f9572e21a0d314d82733e7f790283e,
        type: 3}
      propertyPath: m_LocalEulerAnglesHint.y
      value: 0
      objectReference: {fileID: 0}
    - target: {fileID: 1339170655318908428, guid: c7f9572e21a0d314d82733e7f790283e,
        type: 3}
      propertyPath: m_LocalEulerAnglesHint.z
      value: 0
      objectReference: {fileID: 0}
    - target: {fileID: 1339170655318908430, guid: c7f9572e21a0d314d82733e7f790283e,
        type: 3}
      propertyPath: m_UseGravity
      value: 1
      objectReference: {fileID: 0}
    - target: {fileID: 1339170655318908431, guid: c7f9572e21a0d314d82733e7f790283e,
        type: 3}
      propertyPath: m_Height
      value: 2.7
      objectReference: {fileID: 0}
    - target: {fileID: 1339170655318908425, guid: c7f9572e21a0d314d82733e7f790283e,
        type: 3}
      propertyPath: m_GroundCheckDistance
      value: 1.7
      objectReference: {fileID: 0}
    - target: {fileID: 342736456, guid: c7f9572e21a0d314d82733e7f790283e, type: 3}
      propertyPath: ItemImage
      value: 
      objectReference: {fileID: 9036015576918566838}
    - target: {fileID: 342736463, guid: c7f9572e21a0d314d82733e7f790283e, type: 3}
      propertyPath: playerHealth
      value: 
      objectReference: {fileID: 9082328383184299177}
    - target: {fileID: 5848243204389478944, guid: c7f9572e21a0d314d82733e7f790283e,
        type: 3}
      propertyPath: m_RootOrder
      value: 2
      objectReference: {fileID: 0}
    - target: {fileID: 735235417963894616, guid: c7f9572e21a0d314d82733e7f790283e,
        type: 3}
      propertyPath: m_RootOrder
      value: 3
      objectReference: {fileID: 0}
    - target: {fileID: 6026615008607931990, guid: c7f9572e21a0d314d82733e7f790283e,
        type: 3}
      propertyPath: m_RootOrder
      value: 4
      objectReference: {fileID: 0}
    - target: {fileID: 444871451525104453, guid: c7f9572e21a0d314d82733e7f790283e,
        type: 3}
      propertyPath: m_RootOrder
      value: 5
      objectReference: {fileID: 0}
    m_RemovedComponents: []
  m_SourcePrefab: {fileID: 100100000, guid: c7f9572e21a0d314d82733e7f790283e, type: 3}
--- !u!20 &6383106611981650692 stripped
Camera:
  m_CorrespondingSourceObject: {fileID: 925542451864467269, guid: c7f9572e21a0d314d82733e7f790283e,
    type: 3}
  m_PrefabInstance: {fileID: 6074641559191682113}
  m_PrefabAsset: {fileID: 0}
--- !u!20 &349851039464590975 stripped
Camera:
  m_CorrespondingSourceObject: {fileID: 5807283943781134910, guid: c7f9572e21a0d314d82733e7f790283e,
    type: 3}
  m_PrefabInstance: {fileID: 6074641559191682113}
  m_PrefabAsset: {fileID: 0}
--- !u!20 &4736105223811595276 stripped
Camera:
  m_CorrespondingSourceObject: {fileID: 1582857813864513613, guid: c7f9572e21a0d314d82733e7f790283e,
    type: 3}
  m_PrefabInstance: {fileID: 6074641559191682113}
  m_PrefabAsset: {fileID: 0}
--- !u!4 &5105048764799147880 stripped
Transform:
  m_CorrespondingSourceObject: {fileID: 1339170656789963561, guid: c7f9572e21a0d314d82733e7f790283e,
    type: 3}
  m_PrefabInstance: {fileID: 6074641559191682113}
  m_PrefabAsset: {fileID: 0}
--- !u!4 &5105048763854545485 stripped
Transform:
  m_CorrespondingSourceObject: {fileID: 1339170655318908428, guid: c7f9572e21a0d314d82733e7f790283e,
    type: 3}
  m_PrefabInstance: {fileID: 6074641559191682113}
  m_PrefabAsset: {fileID: 0}
--- !u!1001 &6289283109577069682
PrefabInstance:
  m_ObjectHideFlags: 0
  serializedVersion: 2
  m_Modification:
    m_TransformParent: {fileID: 4775383880112621667}
    m_Modifications:
    - target: {fileID: 413350497592602192, guid: 6ebaabeb2a2928348ab0727a2e3ca186,
        type: 3}
      propertyPath: m_Name
      value: BuildComponent (1)
      objectReference: {fileID: 0}
    - target: {fileID: 2112113604067955680, guid: 6ebaabeb2a2928348ab0727a2e3ca186,
        type: 3}
      propertyPath: m_LocalPosition.x
      value: 15.43351
      objectReference: {fileID: 0}
    - target: {fileID: 2112113604067955680, guid: 6ebaabeb2a2928348ab0727a2e3ca186,
        type: 3}
      propertyPath: m_LocalPosition.y
      value: 28.40916
      objectReference: {fileID: 0}
    - target: {fileID: 2112113604067955680, guid: 6ebaabeb2a2928348ab0727a2e3ca186,
        type: 3}
      propertyPath: m_LocalPosition.z
      value: 39.172142
      objectReference: {fileID: 0}
    - target: {fileID: 2112113604067955680, guid: 6ebaabeb2a2928348ab0727a2e3ca186,
        type: 3}
      propertyPath: m_LocalRotation.x
      value: -0
      objectReference: {fileID: 0}
    - target: {fileID: 2112113604067955680, guid: 6ebaabeb2a2928348ab0727a2e3ca186,
        type: 3}
      propertyPath: m_LocalRotation.y
      value: -0
      objectReference: {fileID: 0}
    - target: {fileID: 2112113604067955680, guid: 6ebaabeb2a2928348ab0727a2e3ca186,
        type: 3}
      propertyPath: m_LocalRotation.z
      value: -0
      objectReference: {fileID: 0}
    - target: {fileID: 2112113604067955680, guid: 6ebaabeb2a2928348ab0727a2e3ca186,
        type: 3}
      propertyPath: m_LocalRotation.w
      value: 1
      objectReference: {fileID: 0}
    - target: {fileID: 2112113604067955680, guid: 6ebaabeb2a2928348ab0727a2e3ca186,
        type: 3}
      propertyPath: m_RootOrder
      value: 0
      objectReference: {fileID: 0}
    - target: {fileID: 2112113604067955680, guid: 6ebaabeb2a2928348ab0727a2e3ca186,
        type: 3}
      propertyPath: m_LocalEulerAnglesHint.x
      value: 0
      objectReference: {fileID: 0}
    - target: {fileID: 2112113604067955680, guid: 6ebaabeb2a2928348ab0727a2e3ca186,
        type: 3}
      propertyPath: m_LocalEulerAnglesHint.y
      value: 0
      objectReference: {fileID: 0}
    - target: {fileID: 2112113604067955680, guid: 6ebaabeb2a2928348ab0727a2e3ca186,
        type: 3}
      propertyPath: m_LocalEulerAnglesHint.z
      value: 0
      objectReference: {fileID: 0}
    m_RemovedComponents: []
  m_SourcePrefab: {fileID: 100100000, guid: 6ebaabeb2a2928348ab0727a2e3ca186, type: 3}
--- !u!4 &5334436291931604882 stripped
Transform:
  m_CorrespondingSourceObject: {fileID: 2112113604067955680, guid: 6ebaabeb2a2928348ab0727a2e3ca186,
    type: 3}
  m_PrefabInstance: {fileID: 6289283109577069682}
  m_PrefabAsset: {fileID: 0}
--- !u!1001 &6326175489861047266
PrefabInstance:
  m_ObjectHideFlags: 0
  serializedVersion: 2
  m_Modification:
    m_TransformParent: {fileID: 4775383880112621667}
    m_Modifications:
    - target: {fileID: 6203413885887569773, guid: e40be37cdaad16249a2f0d76ee4d44de,
        type: 3}
      propertyPath: m_Name
      value: Spawner
      objectReference: {fileID: 0}
    - target: {fileID: 4228695803215800952, guid: e40be37cdaad16249a2f0d76ee4d44de,
        type: 3}
      propertyPath: m_LocalPosition.x
      value: 24.02
      objectReference: {fileID: 0}
    - target: {fileID: 4228695803215800952, guid: e40be37cdaad16249a2f0d76ee4d44de,
        type: 3}
      propertyPath: m_LocalPosition.y
      value: 11.2
      objectReference: {fileID: 0}
    - target: {fileID: 4228695803215800952, guid: e40be37cdaad16249a2f0d76ee4d44de,
        type: 3}
      propertyPath: m_LocalPosition.z
      value: -30
      objectReference: {fileID: 0}
    - target: {fileID: 4228695803215800952, guid: e40be37cdaad16249a2f0d76ee4d44de,
        type: 3}
      propertyPath: m_LocalRotation.x
      value: -0
      objectReference: {fileID: 0}
    - target: {fileID: 4228695803215800952, guid: e40be37cdaad16249a2f0d76ee4d44de,
        type: 3}
      propertyPath: m_LocalRotation.y
      value: -0
      objectReference: {fileID: 0}
    - target: {fileID: 4228695803215800952, guid: e40be37cdaad16249a2f0d76ee4d44de,
        type: 3}
      propertyPath: m_LocalRotation.z
      value: -0
      objectReference: {fileID: 0}
    - target: {fileID: 4228695803215800952, guid: e40be37cdaad16249a2f0d76ee4d44de,
        type: 3}
      propertyPath: m_LocalRotation.w
      value: 1
      objectReference: {fileID: 0}
    - target: {fileID: 4228695803215800952, guid: e40be37cdaad16249a2f0d76ee4d44de,
        type: 3}
      propertyPath: m_RootOrder
      value: 10
      objectReference: {fileID: 0}
    - target: {fileID: 4228695803215800952, guid: e40be37cdaad16249a2f0d76ee4d44de,
        type: 3}
      propertyPath: m_LocalEulerAnglesHint.x
      value: 0
      objectReference: {fileID: 0}
    - target: {fileID: 4228695803215800952, guid: e40be37cdaad16249a2f0d76ee4d44de,
        type: 3}
      propertyPath: m_LocalEulerAnglesHint.y
      value: 0
      objectReference: {fileID: 0}
    - target: {fileID: 4228695803215800952, guid: e40be37cdaad16249a2f0d76ee4d44de,
        type: 3}
      propertyPath: m_LocalEulerAnglesHint.z
      value: 0
      objectReference: {fileID: 0}
    m_RemovedComponents: []
  m_SourcePrefab: {fileID: 100100000, guid: e40be37cdaad16249a2f0d76ee4d44de, type: 3}
--- !u!4 &7882512635461089690 stripped
Transform:
  m_CorrespondingSourceObject: {fileID: 4228695803215800952, guid: e40be37cdaad16249a2f0d76ee4d44de,
    type: 3}
  m_PrefabInstance: {fileID: 6326175489861047266}
  m_PrefabAsset: {fileID: 0}
--- !u!1001 &6819301474461870526
PrefabInstance:
  m_ObjectHideFlags: 0
  serializedVersion: 2
  m_Modification:
    m_TransformParent: {fileID: 4775383880112621667}
    m_Modifications:
    - target: {fileID: 6203413885887569773, guid: e40be37cdaad16249a2f0d76ee4d44de,
        type: 3}
      propertyPath: m_Name
      value: Spawner (8)
      objectReference: {fileID: 0}
    - target: {fileID: 4228695803215800952, guid: e40be37cdaad16249a2f0d76ee4d44de,
        type: 3}
      propertyPath: m_LocalPosition.x
      value: 28.8
      objectReference: {fileID: 0}
    - target: {fileID: 4228695803215800952, guid: e40be37cdaad16249a2f0d76ee4d44de,
        type: 3}
      propertyPath: m_LocalPosition.y
      value: 16.8
      objectReference: {fileID: 0}
    - target: {fileID: 4228695803215800952, guid: e40be37cdaad16249a2f0d76ee4d44de,
        type: 3}
      propertyPath: m_LocalPosition.z
      value: -84.3
      objectReference: {fileID: 0}
    - target: {fileID: 4228695803215800952, guid: e40be37cdaad16249a2f0d76ee4d44de,
        type: 3}
      propertyPath: m_LocalRotation.x
      value: -0
      objectReference: {fileID: 0}
    - target: {fileID: 4228695803215800952, guid: e40be37cdaad16249a2f0d76ee4d44de,
        type: 3}
      propertyPath: m_LocalRotation.y
      value: -0
      objectReference: {fileID: 0}
    - target: {fileID: 4228695803215800952, guid: e40be37cdaad16249a2f0d76ee4d44de,
        type: 3}
      propertyPath: m_LocalRotation.z
      value: -0
      objectReference: {fileID: 0}
    - target: {fileID: 4228695803215800952, guid: e40be37cdaad16249a2f0d76ee4d44de,
        type: 3}
      propertyPath: m_LocalRotation.w
      value: 1
      objectReference: {fileID: 0}
    - target: {fileID: 4228695803215800952, guid: e40be37cdaad16249a2f0d76ee4d44de,
        type: 3}
      propertyPath: m_RootOrder
      value: 18
      objectReference: {fileID: 0}
    - target: {fileID: 4228695803215800952, guid: e40be37cdaad16249a2f0d76ee4d44de,
        type: 3}
      propertyPath: m_LocalEulerAnglesHint.x
      value: 0
      objectReference: {fileID: 0}
    - target: {fileID: 4228695803215800952, guid: e40be37cdaad16249a2f0d76ee4d44de,
        type: 3}
      propertyPath: m_LocalEulerAnglesHint.y
      value: 0
      objectReference: {fileID: 0}
    - target: {fileID: 4228695803215800952, guid: e40be37cdaad16249a2f0d76ee4d44de,
        type: 3}
      propertyPath: m_LocalEulerAnglesHint.z
      value: 0
      objectReference: {fileID: 0}
    m_RemovedComponents: []
  m_SourcePrefab: {fileID: 100100000, guid: e40be37cdaad16249a2f0d76ee4d44de, type: 3}
--- !u!4 &7209241429280031686 stripped
Transform:
  m_CorrespondingSourceObject: {fileID: 4228695803215800952, guid: e40be37cdaad16249a2f0d76ee4d44de,
    type: 3}
  m_PrefabInstance: {fileID: 6819301474461870526}
  m_PrefabAsset: {fileID: 0}
--- !u!1001 &7227865541771508290
PrefabInstance:
  m_ObjectHideFlags: 0
  serializedVersion: 2
  m_Modification:
    m_TransformParent: {fileID: 4775383880112621667}
    m_Modifications:
    - target: {fileID: 6203413885887569773, guid: e40be37cdaad16249a2f0d76ee4d44de,
        type: 3}
      propertyPath: m_Name
      value: Spawner (2)
      objectReference: {fileID: 0}
    - target: {fileID: 4228695803215800952, guid: e40be37cdaad16249a2f0d76ee4d44de,
        type: 3}
      propertyPath: m_LocalPosition.x
      value: 26.2
      objectReference: {fileID: 0}
    - target: {fileID: 4228695803215800952, guid: e40be37cdaad16249a2f0d76ee4d44de,
        type: 3}
      propertyPath: m_LocalPosition.y
      value: 16.59
      objectReference: {fileID: 0}
    - target: {fileID: 4228695803215800952, guid: e40be37cdaad16249a2f0d76ee4d44de,
        type: 3}
      propertyPath: m_LocalPosition.z
      value: 90.4
      objectReference: {fileID: 0}
    - target: {fileID: 4228695803215800952, guid: e40be37cdaad16249a2f0d76ee4d44de,
        type: 3}
      propertyPath: m_LocalRotation.x
      value: -0
      objectReference: {fileID: 0}
    - target: {fileID: 4228695803215800952, guid: e40be37cdaad16249a2f0d76ee4d44de,
        type: 3}
      propertyPath: m_LocalRotation.y
      value: -0
      objectReference: {fileID: 0}
    - target: {fileID: 4228695803215800952, guid: e40be37cdaad16249a2f0d76ee4d44de,
        type: 3}
      propertyPath: m_LocalRotation.z
      value: -0
      objectReference: {fileID: 0}
    - target: {fileID: 4228695803215800952, guid: e40be37cdaad16249a2f0d76ee4d44de,
        type: 3}
      propertyPath: m_LocalRotation.w
      value: 1
      objectReference: {fileID: 0}
    - target: {fileID: 4228695803215800952, guid: e40be37cdaad16249a2f0d76ee4d44de,
        type: 3}
      propertyPath: m_RootOrder
      value: 12
      objectReference: {fileID: 0}
    - target: {fileID: 4228695803215800952, guid: e40be37cdaad16249a2f0d76ee4d44de,
        type: 3}
      propertyPath: m_LocalEulerAnglesHint.x
      value: 0
      objectReference: {fileID: 0}
    - target: {fileID: 4228695803215800952, guid: e40be37cdaad16249a2f0d76ee4d44de,
        type: 3}
      propertyPath: m_LocalEulerAnglesHint.y
      value: 0
      objectReference: {fileID: 0}
    - target: {fileID: 4228695803215800952, guid: e40be37cdaad16249a2f0d76ee4d44de,
        type: 3}
      propertyPath: m_LocalEulerAnglesHint.z
      value: 0
      objectReference: {fileID: 0}
    m_RemovedComponents: []
  m_SourcePrefab: {fileID: 100100000, guid: e40be37cdaad16249a2f0d76ee4d44de, type: 3}
--- !u!4 &6836975541486047290 stripped
Transform:
  m_CorrespondingSourceObject: {fileID: 4228695803215800952, guid: e40be37cdaad16249a2f0d76ee4d44de,
    type: 3}
  m_PrefabInstance: {fileID: 7227865541771508290}
  m_PrefabAsset: {fileID: 0}
--- !u!1001 &7559299110288906404
PrefabInstance:
  m_ObjectHideFlags: 0
  serializedVersion: 2
  m_Modification:
    m_TransformParent: {fileID: 4775383880112621667}
    m_Modifications:
    - target: {fileID: 6203413885887569773, guid: e40be37cdaad16249a2f0d76ee4d44de,
        type: 3}
      propertyPath: m_Name
      value: Spawner (1)
      objectReference: {fileID: 0}
    - target: {fileID: 4228695803215800952, guid: e40be37cdaad16249a2f0d76ee4d44de,
        type: 3}
      propertyPath: m_LocalPosition.x
      value: 23.1
      objectReference: {fileID: 0}
    - target: {fileID: 4228695803215800952, guid: e40be37cdaad16249a2f0d76ee4d44de,
        type: 3}
      propertyPath: m_LocalPosition.y
      value: 11.2
      objectReference: {fileID: 0}
    - target: {fileID: 4228695803215800952, guid: e40be37cdaad16249a2f0d76ee4d44de,
        type: 3}
      propertyPath: m_LocalPosition.z
      value: 34.7
      objectReference: {fileID: 0}
    - target: {fileID: 4228695803215800952, guid: e40be37cdaad16249a2f0d76ee4d44de,
        type: 3}
      propertyPath: m_LocalRotation.x
      value: -0
      objectReference: {fileID: 0}
    - target: {fileID: 4228695803215800952, guid: e40be37cdaad16249a2f0d76ee4d44de,
        type: 3}
      propertyPath: m_LocalRotation.y
      value: -0
      objectReference: {fileID: 0}
    - target: {fileID: 4228695803215800952, guid: e40be37cdaad16249a2f0d76ee4d44de,
        type: 3}
      propertyPath: m_LocalRotation.z
      value: -0
      objectReference: {fileID: 0}
    - target: {fileID: 4228695803215800952, guid: e40be37cdaad16249a2f0d76ee4d44de,
        type: 3}
      propertyPath: m_LocalRotation.w
      value: 1
      objectReference: {fileID: 0}
    - target: {fileID: 4228695803215800952, guid: e40be37cdaad16249a2f0d76ee4d44de,
        type: 3}
      propertyPath: m_RootOrder
      value: 11
      objectReference: {fileID: 0}
    - target: {fileID: 4228695803215800952, guid: e40be37cdaad16249a2f0d76ee4d44de,
        type: 3}
      propertyPath: m_LocalEulerAnglesHint.x
      value: 0
      objectReference: {fileID: 0}
    - target: {fileID: 4228695803215800952, guid: e40be37cdaad16249a2f0d76ee4d44de,
        type: 3}
      propertyPath: m_LocalEulerAnglesHint.y
      value: 0
      objectReference: {fileID: 0}
    - target: {fileID: 4228695803215800952, guid: e40be37cdaad16249a2f0d76ee4d44de,
        type: 3}
      propertyPath: m_LocalEulerAnglesHint.z
      value: 0
      objectReference: {fileID: 0}
    m_RemovedComponents: []
  m_SourcePrefab: {fileID: 100100000, guid: e40be37cdaad16249a2f0d76ee4d44de, type: 3}
--- !u!4 &5928810860598178524 stripped
Transform:
  m_CorrespondingSourceObject: {fileID: 4228695803215800952, guid: e40be37cdaad16249a2f0d76ee4d44de,
    type: 3}
  m_PrefabInstance: {fileID: 7559299110288906404}
  m_PrefabAsset: {fileID: 0}
--- !u!1001 &8077133274848996751
PrefabInstance:
  m_ObjectHideFlags: 0
  serializedVersion: 2
  m_Modification:
    m_TransformParent: {fileID: 4775383880112621667}
    m_Modifications:
    - target: {fileID: 6998687521920614692, guid: 2e7470127de81ea4b947d46cd7cfb1c8,
        type: 3}
      propertyPath: m_Name
      value: Golem (1)
      objectReference: {fileID: 0}
    - target: {fileID: 7002032197464815814, guid: 2e7470127de81ea4b947d46cd7cfb1c8,
        type: 3}
      propertyPath: m_LocalPosition.x
      value: 0.3628459
      objectReference: {fileID: 0}
    - target: {fileID: 7002032197464815814, guid: 2e7470127de81ea4b947d46cd7cfb1c8,
        type: 3}
      propertyPath: m_LocalPosition.y
      value: 15.212529
      objectReference: {fileID: 0}
    - target: {fileID: 7002032197464815814, guid: 2e7470127de81ea4b947d46cd7cfb1c8,
        type: 3}
      propertyPath: m_LocalPosition.z
      value: -29.284138
      objectReference: {fileID: 0}
    - target: {fileID: 7002032197464815814, guid: 2e7470127de81ea4b947d46cd7cfb1c8,
        type: 3}
      propertyPath: m_LocalRotation.x
      value: -0
      objectReference: {fileID: 0}
    - target: {fileID: 7002032197464815814, guid: 2e7470127de81ea4b947d46cd7cfb1c8,
        type: 3}
      propertyPath: m_LocalRotation.y
      value: -0
      objectReference: {fileID: 0}
    - target: {fileID: 7002032197464815814, guid: 2e7470127de81ea4b947d46cd7cfb1c8,
        type: 3}
      propertyPath: m_LocalRotation.z
      value: -0
      objectReference: {fileID: 0}
    - target: {fileID: 7002032197464815814, guid: 2e7470127de81ea4b947d46cd7cfb1c8,
        type: 3}
      propertyPath: m_LocalRotation.w
      value: 1
      objectReference: {fileID: 0}
    - target: {fileID: 7002032197464815814, guid: 2e7470127de81ea4b947d46cd7cfb1c8,
        type: 3}
      propertyPath: m_RootOrder
      value: 7
      objectReference: {fileID: 0}
    - target: {fileID: 7002032197464815814, guid: 2e7470127de81ea4b947d46cd7cfb1c8,
        type: 3}
      propertyPath: m_LocalEulerAnglesHint.x
      value: 0
      objectReference: {fileID: 0}
    - target: {fileID: 7002032197464815814, guid: 2e7470127de81ea4b947d46cd7cfb1c8,
        type: 3}
      propertyPath: m_LocalEulerAnglesHint.y
      value: 0
      objectReference: {fileID: 0}
    - target: {fileID: 7002032197464815814, guid: 2e7470127de81ea4b947d46cd7cfb1c8,
        type: 3}
      propertyPath: m_LocalEulerAnglesHint.z
      value: 0
      objectReference: {fileID: 0}
    m_RemovedComponents: []
  m_SourcePrefab: {fileID: 100100000, guid: 2e7470127de81ea4b947d46cd7cfb1c8, type: 3}
--- !u!4 &1241738697383105865 stripped
Transform:
  m_CorrespondingSourceObject: {fileID: 7002032197464815814, guid: 2e7470127de81ea4b947d46cd7cfb1c8,
    type: 3}
  m_PrefabInstance: {fileID: 8077133274848996751}
  m_PrefabAsset: {fileID: 0}
--- !u!1001 &8122425222415420653
PrefabInstance:
  m_ObjectHideFlags: 0
  serializedVersion: 2
  m_Modification:
    m_TransformParent: {fileID: 4775383880112621667}
    m_Modifications:
    - target: {fileID: 6203413885887569773, guid: e40be37cdaad16249a2f0d76ee4d44de,
        type: 3}
      propertyPath: m_Name
      value: Spawner (7)
      objectReference: {fileID: 0}
    - target: {fileID: 4228695803215800952, guid: e40be37cdaad16249a2f0d76ee4d44de,
        type: 3}
      propertyPath: m_LocalPosition.x
      value: -1.3
      objectReference: {fileID: 0}
    - target: {fileID: 4228695803215800952, guid: e40be37cdaad16249a2f0d76ee4d44de,
        type: 3}
      propertyPath: m_LocalPosition.y
      value: 16.7
      objectReference: {fileID: 0}
    - target: {fileID: 4228695803215800952, guid: e40be37cdaad16249a2f0d76ee4d44de,
        type: 3}
      propertyPath: m_LocalPosition.z
      value: -5.6
      objectReference: {fileID: 0}
    - target: {fileID: 4228695803215800952, guid: e40be37cdaad16249a2f0d76ee4d44de,
        type: 3}
      propertyPath: m_LocalRotation.x
      value: -0
      objectReference: {fileID: 0}
    - target: {fileID: 4228695803215800952, guid: e40be37cdaad16249a2f0d76ee4d44de,
        type: 3}
      propertyPath: m_LocalRotation.y
      value: -0
      objectReference: {fileID: 0}
    - target: {fileID: 4228695803215800952, guid: e40be37cdaad16249a2f0d76ee4d44de,
        type: 3}
      propertyPath: m_LocalRotation.z
      value: -0
      objectReference: {fileID: 0}
    - target: {fileID: 4228695803215800952, guid: e40be37cdaad16249a2f0d76ee4d44de,
        type: 3}
      propertyPath: m_LocalRotation.w
      value: 1
      objectReference: {fileID: 0}
    - target: {fileID: 4228695803215800952, guid: e40be37cdaad16249a2f0d76ee4d44de,
        type: 3}
      propertyPath: m_RootOrder
      value: 17
      objectReference: {fileID: 0}
    - target: {fileID: 4228695803215800952, guid: e40be37cdaad16249a2f0d76ee4d44de,
        type: 3}
      propertyPath: m_LocalEulerAnglesHint.x
      value: 0
      objectReference: {fileID: 0}
    - target: {fileID: 4228695803215800952, guid: e40be37cdaad16249a2f0d76ee4d44de,
        type: 3}
      propertyPath: m_LocalEulerAnglesHint.y
      value: 0
      objectReference: {fileID: 0}
    - target: {fileID: 4228695803215800952, guid: e40be37cdaad16249a2f0d76ee4d44de,
        type: 3}
      propertyPath: m_LocalEulerAnglesHint.z
      value: 0
      objectReference: {fileID: 0}
    m_RemovedComponents: []
  m_SourcePrefab: {fileID: 100100000, guid: e40be37cdaad16249a2f0d76ee4d44de, type: 3}
--- !u!4 &5339016092262229653 stripped
Transform:
  m_CorrespondingSourceObject: {fileID: 4228695803215800952, guid: e40be37cdaad16249a2f0d76ee4d44de,
    type: 3}
  m_PrefabInstance: {fileID: 8122425222415420653}
  m_PrefabAsset: {fileID: 0}
--- !u!1001 &9070396309846791427
PrefabInstance:
  m_ObjectHideFlags: 0
  serializedVersion: 2
  m_Modification:
    m_TransformParent: {fileID: 4775383880112621667}
    m_Modifications:
    - target: {fileID: 6203413885887569773, guid: e40be37cdaad16249a2f0d76ee4d44de,
        type: 3}
      propertyPath: m_Name
      value: Spawner (3)
      objectReference: {fileID: 0}
    - target: {fileID: 4228695803215800952, guid: e40be37cdaad16249a2f0d76ee4d44de,
        type: 3}
      propertyPath: m_LocalPosition.x
      value: 16.6
      objectReference: {fileID: 0}
    - target: {fileID: 4228695803215800952, guid: e40be37cdaad16249a2f0d76ee4d44de,
        type: 3}
      propertyPath: m_LocalPosition.y
      value: 12.43
      objectReference: {fileID: 0}
    - target: {fileID: 4228695803215800952, guid: e40be37cdaad16249a2f0d76ee4d44de,
        type: 3}
      propertyPath: m_LocalPosition.z
      value: 58.9
      objectReference: {fileID: 0}
    - target: {fileID: 4228695803215800952, guid: e40be37cdaad16249a2f0d76ee4d44de,
        type: 3}
      propertyPath: m_LocalRotation.x
      value: -0
      objectReference: {fileID: 0}
    - target: {fileID: 4228695803215800952, guid: e40be37cdaad16249a2f0d76ee4d44de,
        type: 3}
      propertyPath: m_LocalRotation.y
      value: -0
      objectReference: {fileID: 0}
    - target: {fileID: 4228695803215800952, guid: e40be37cdaad16249a2f0d76ee4d44de,
        type: 3}
      propertyPath: m_LocalRotation.z
      value: -0
      objectReference: {fileID: 0}
    - target: {fileID: 4228695803215800952, guid: e40be37cdaad16249a2f0d76ee4d44de,
        type: 3}
      propertyPath: m_LocalRotation.w
      value: 1
      objectReference: {fileID: 0}
    - target: {fileID: 4228695803215800952, guid: e40be37cdaad16249a2f0d76ee4d44de,
        type: 3}
      propertyPath: m_RootOrder
      value: 13
      objectReference: {fileID: 0}
    - target: {fileID: 4228695803215800952, guid: e40be37cdaad16249a2f0d76ee4d44de,
        type: 3}
      propertyPath: m_LocalEulerAnglesHint.x
      value: 0
      objectReference: {fileID: 0}
    - target: {fileID: 4228695803215800952, guid: e40be37cdaad16249a2f0d76ee4d44de,
        type: 3}
      propertyPath: m_LocalEulerAnglesHint.y
      value: 0
      objectReference: {fileID: 0}
    - target: {fileID: 4228695803215800952, guid: e40be37cdaad16249a2f0d76ee4d44de,
        type: 3}
      propertyPath: m_LocalEulerAnglesHint.z
      value: 0
      objectReference: {fileID: 0}
    m_RemovedComponents: []
  m_SourcePrefab: {fileID: 100100000, guid: e40be37cdaad16249a2f0d76ee4d44de, type: 3}
--- !u!4 &5138568754899353467 stripped
Transform:
  m_CorrespondingSourceObject: {fileID: 4228695803215800952, guid: e40be37cdaad16249a2f0d76ee4d44de,
    type: 3}
  m_PrefabInstance: {fileID: 9070396309846791427}
  m_PrefabAsset: {fileID: 0}
