%YAML 1.1
%TAG !u! tag:unity3d.com,2011:
--- !u!1 &920468937396284178
GameObject:
  m_ObjectHideFlags: 0
  m_CorrespondingSourceObject: {fileID: 0}
  m_PrefabInstance: {fileID: 0}
  m_PrefabAsset: {fileID: 0}
  serializedVersion: 6
  m_Component:
  - component: {fileID: 2873525580349148046}
  - component: {fileID: 1250072787716330661}
  m_Layer: 0
  m_Name: Build6
  m_TagString: Untagged
  m_Icon: {fileID: 0}
  m_NavMeshLayer: 0
  m_StaticEditorFlags: 0
  m_IsActive: 1
--- !u!4 &2873525580349148046
Transform:
  m_ObjectHideFlags: 0
  m_CorrespondingSourceObject: {fileID: 0}
  m_PrefabInstance: {fileID: 0}
  m_PrefabAsset: {fileID: 0}
  m_GameObject: {fileID: 920468937396284178}
  m_LocalRotation: {x: 0, y: 0, z: 0, w: 1}
  m_LocalPosition: {x: 0, y: 0, z: 0}
  m_LocalScale: {x: 1, y: 1, z: 1}
  m_Children:
  - {fileID: 2261587361281418523}
  - {fileID: 7262025106701087703}
  - {fileID: 1566252055559041874}
  - {fileID: 5237345675789895982}
  - {fileID: 5871452313084405562}
  - {fileID: 2118612618628849912}
  - {fileID: 2456975858769119962}
  - {fileID: 1189239828233735565}
  - {fileID: 9026147627139066822}
  - {fileID: 264292981478289828}
  - {fileID: 4200269859657652682}
  - {fileID: 3865354229487905800}
  - {fileID: 8071310226020864653}
  - {fileID: 5541611198935296492}
  - {fileID: 7820185822854279527}
  - {fileID: 404369010012979260}
  - {fileID: 7786191783798904209}
  - {fileID: 1450130549238142272}
  - {fileID: 7089924523130762136}
  - {fileID: 1229883305527904572}
  - {fileID: 3715729763894828931}
  - {fileID: 6915877306764895868}
  - {fileID: 4443722725968202135}
  - {fileID: 8463426758979510475}
  - {fileID: 6445118083455717862}
  - {fileID: 4715685312094216786}
  - {fileID: 3590089483007115724}
  m_Father: {fileID: 0}
  m_RootOrder: 0
  m_LocalEulerAnglesHint: {x: 0, y: 0, z: 0}
--- !u!114 &1250072787716330661
MonoBehaviour:
  m_ObjectHideFlags: 0
  m_CorrespondingSourceObject: {fileID: 0}
  m_PrefabInstance: {fileID: 0}
  m_PrefabAsset: {fileID: 0}
  m_GameObject: {fileID: 920468937396284178}
  m_Enabled: 1
  m_EditorHideFlags: 0
  m_Script: {fileID: 11500000, guid: 7a5ac11cc976e418e8d13136b07e1f52, type: 3}
  m_Name: 
  m_EditorClassIdentifier: 
  m_AgentTypeID: 0
  m_CollectObjects: 0
  m_Size: {x: 10, y: 10, z: 10}
  m_Center: {x: 0, y: 2, z: 0}
  m_LayerMask:
    serializedVersion: 2
    m_Bits: 4294967295
  m_UseGeometry: 0
  m_DefaultArea: 0
  m_IgnoreNavMeshAgent: 1
  m_IgnoreNavMeshObstacle: 1
  m_OverrideTileSize: 0
  m_TileSize: 256
  m_OverrideVoxelSize: 0
  m_VoxelSize: 0.16666667
  m_BuildHeightMesh: 0
  m_NavMeshData: {fileID: 23800000, guid: b2873f20f559fb243bc0fdfc41a747d6, type: 2}
--- !u!1 &5211686439042728444
GameObject:
  m_ObjectHideFlags: 0
  m_CorrespondingSourceObject: {fileID: 0}
  m_PrefabInstance: {fileID: 0}
  m_PrefabAsset: {fileID: 0}
  serializedVersion: 6
  m_Component:
  - component: {fileID: 4443722725968202135}
  - component: {fileID: 6099284118670928606}
  - component: {fileID: 5364069041768242807}
  - component: {fileID: 1047893062186706422}
  - component: {fileID: 4468187345369970358}
  m_Layer: 0
  m_Name: Camera
  m_TagString: MainCamera
  m_Icon: {fileID: 0}
  m_NavMeshLayer: 0
  m_StaticEditorFlags: 0
  m_IsActive: 1
--- !u!4 &4443722725968202135
Transform:
  m_ObjectHideFlags: 0
  m_CorrespondingSourceObject: {fileID: 0}
  m_PrefabInstance: {fileID: 0}
  m_PrefabAsset: {fileID: 0}
  m_GameObject: {fileID: 5211686439042728444}
  m_LocalRotation: {x: 0.13463299, y: -0.010333768, z: 0.0014041456, w: 0.99084073}
  m_LocalPosition: {x: -51.91275, y: -5.383455, z: 91.94978}
  m_LocalScale: {x: 1, y: 1, z: 1}
  m_Children: []
  m_Father: {fileID: 2873525580349148046}
  m_RootOrder: 22
  m_LocalEulerAnglesHint: {x: 0, y: 0, z: 0}
--- !u!20 &6099284118670928606
Camera:
  m_ObjectHideFlags: 0
  m_CorrespondingSourceObject: {fileID: 0}
  m_PrefabInstance: {fileID: 0}
  m_PrefabAsset: {fileID: 0}
  m_GameObject: {fileID: 5211686439042728444}
  m_Enabled: 1
  serializedVersion: 2
  m_ClearFlags: 1
  m_BackGroundColor: {r: 0.19215687, g: 0.3019608, b: 0.4745098, a: 0}
  m_projectionMatrixMode: 1
  m_GateFitMode: 2
  m_FOVAxisMode: 0
  m_SensorSize: {x: 36, y: 24}
  m_LensShift: {x: 0, y: 0}
  m_FocalLength: 50
  m_NormalizedViewPortRect:
    serializedVersion: 2
    x: 0
    y: 0
    width: 1
    height: 1
  near clip plane: 0.1
  far clip plane: 5000
  field of view: 40
  orthographic: 0
  orthographic size: 5
  m_Depth: 0
  m_CullingMask:
    serializedVersion: 2
    m_Bits: 4294967295
  m_RenderingPath: -1
  m_TargetTexture: {fileID: 0}
  m_TargetDisplay: 0
  m_TargetEye: 3
  m_HDR: 1
  m_AllowMSAA: 1
  m_AllowDynamicResolution: 0
  m_ForceIntoRT: 0
  m_OcclusionCulling: 1
  m_StereoConvergence: 10
  m_StereoSeparation: 0.022
--- !u!81 &5364069041768242807
AudioListener:
  m_ObjectHideFlags: 0
  m_CorrespondingSourceObject: {fileID: 0}
  m_PrefabInstance: {fileID: 0}
  m_PrefabAsset: {fileID: 0}
  m_GameObject: {fileID: 5211686439042728444}
  m_Enabled: 1
--- !u!114 &1047893062186706422
MonoBehaviour:
  m_ObjectHideFlags: 0
  m_CorrespondingSourceObject: {fileID: 0}
  m_PrefabInstance: {fileID: 0}
  m_PrefabAsset: {fileID: 0}
  m_GameObject: {fileID: 5211686439042728444}
  m_Enabled: 1
  m_EditorHideFlags: 0
  m_Script: {fileID: 11500000, guid: 036c89c2b64e5f3409f773fa0e7c4cdf, type: 3}
  m_Name: 
  m_EditorClassIdentifier: 
  cameras:
  - {fileID: 5749982311233034095}
  - {fileID: 6260941699722731623}
  - {fileID: 769243913913165084}
  - {fileID: 6099284118670928606}
  changeAudioListener: 1
--- !u!114 &4468187345369970358
MonoBehaviour:
  m_ObjectHideFlags: 0
  m_CorrespondingSourceObject: {fileID: 0}
  m_PrefabInstance: {fileID: 0}
  m_PrefabAsset: {fileID: 0}
  m_GameObject: {fileID: 5211686439042728444}
  m_Enabled: 1
  m_EditorHideFlags: 0
  m_Script: {fileID: 11500000, guid: 72ece51f2901e7445ab60da3685d6b5f, type: 3}
  m_Name: 
  m_EditorClassIdentifier: 
  m_ShowDebugText: 0
  m_ShowCameraFrustum: 1
  m_IgnoreTimeScale: 0
  m_WorldUpOverride: {fileID: 0}
  m_UpdateMethod: 2
  m_DefaultBlend:
    m_Style: 1
    m_Time: 2
    m_CustomCurve:
      serializedVersion: 2
      m_Curve: []
      m_PreInfinity: 2
      m_PostInfinity: 2
      m_RotationOrder: 4
  m_CustomBlends: {fileID: 0}
  m_CameraCutEvent:
    m_PersistentCalls:
      m_Calls: []
    m_TypeName: Cinemachine.CinemachineBrain+BrainEvent, Cinemachine, Version=0.0.0.0,
      Culture=neutral, PublicKeyToken=null
  m_CameraActivatedEvent:
    m_PersistentCalls:
      m_Calls: []
    m_TypeName: Cinemachine.CinemachineBrain+VcamActivatedEvent, Cinemachine, Version=0.0.0.0,
      Culture=neutral, PublicKeyToken=null
--- !u!1001 &75483622417772952
PrefabInstance:
  m_ObjectHideFlags: 0
  serializedVersion: 2
  m_Modification:
    m_TransformParent: {fileID: 2873525580349148046}
    m_Modifications:
    - target: {fileID: 194089825012707688, guid: deaaa96f06da40a4b8099a7ef43dcd0f,
        type: 3}
      propertyPath: m_Name
      value: Skeleton_Armor (2)
      objectReference: {fileID: 0}
    - target: {fileID: 191085107614203964, guid: deaaa96f06da40a4b8099a7ef43dcd0f,
        type: 3}
      propertyPath: m_LocalPosition.x
      value: -19.89295
      objectReference: {fileID: 0}
    - target: {fileID: 191085107614203964, guid: deaaa96f06da40a4b8099a7ef43dcd0f,
        type: 3}
      propertyPath: m_LocalPosition.y
      value: -7.6167235
      objectReference: {fileID: 0}
    - target: {fileID: 191085107614203964, guid: deaaa96f06da40a4b8099a7ef43dcd0f,
        type: 3}
      propertyPath: m_LocalPosition.z
      value: -5.0777607
      objectReference: {fileID: 0}
    - target: {fileID: 191085107614203964, guid: deaaa96f06da40a4b8099a7ef43dcd0f,
        type: 3}
      propertyPath: m_LocalRotation.x
      value: -0
      objectReference: {fileID: 0}
    - target: {fileID: 191085107614203964, guid: deaaa96f06da40a4b8099a7ef43dcd0f,
        type: 3}
      propertyPath: m_LocalRotation.y
      value: -0
      objectReference: {fileID: 0}
    - target: {fileID: 191085107614203964, guid: deaaa96f06da40a4b8099a7ef43dcd0f,
        type: 3}
      propertyPath: m_LocalRotation.z
      value: -0
      objectReference: {fileID: 0}
    - target: {fileID: 191085107614203964, guid: deaaa96f06da40a4b8099a7ef43dcd0f,
        type: 3}
      propertyPath: m_LocalRotation.w
      value: 1
      objectReference: {fileID: 0}
    - target: {fileID: 191085107614203964, guid: deaaa96f06da40a4b8099a7ef43dcd0f,
        type: 3}
      propertyPath: m_RootOrder
      value: 9
      objectReference: {fileID: 0}
    - target: {fileID: 191085107614203964, guid: deaaa96f06da40a4b8099a7ef43dcd0f,
        type: 3}
      propertyPath: m_LocalEulerAnglesHint.x
      value: 0
      objectReference: {fileID: 0}
    - target: {fileID: 191085107614203964, guid: deaaa96f06da40a4b8099a7ef43dcd0f,
        type: 3}
      propertyPath: m_LocalEulerAnglesHint.y
      value: 0
      objectReference: {fileID: 0}
    - target: {fileID: 191085107614203964, guid: deaaa96f06da40a4b8099a7ef43dcd0f,
        type: 3}
      propertyPath: m_LocalEulerAnglesHint.z
      value: 0
      objectReference: {fileID: 0}
    m_RemovedComponents: []
  m_SourcePrefab: {fileID: 100100000, guid: deaaa96f06da40a4b8099a7ef43dcd0f, type: 3}
--- !u!4 &264292981478289828 stripped
Transform:
  m_CorrespondingSourceObject: {fileID: 191085107614203964, guid: deaaa96f06da40a4b8099a7ef43dcd0f,
    type: 3}
  m_PrefabInstance: {fileID: 75483622417772952}
  m_PrefabAsset: {fileID: 0}
--- !u!1001 &156915259629418235
PrefabInstance:
  m_ObjectHideFlags: 0
  serializedVersion: 2
  m_Modification:
    m_TransformParent: {fileID: 2873525580349148046}
    m_Modifications:
    - target: {fileID: 413350497592602192, guid: 6ebaabeb2a2928348ab0727a2e3ca186,
        type: 3}
      propertyPath: m_Name
      value: BuildComponent (1)
      objectReference: {fileID: 0}
    - target: {fileID: 2112113604067955680, guid: 6ebaabeb2a2928348ab0727a2e3ca186,
        type: 3}
      propertyPath: m_LocalPosition.x
      value: -14.843151
      objectReference: {fileID: 0}
    - target: {fileID: 2112113604067955680, guid: 6ebaabeb2a2928348ab0727a2e3ca186,
        type: 3}
      propertyPath: m_LocalPosition.y
      value: 5.579963
      objectReference: {fileID: 0}
    - target: {fileID: 2112113604067955680, guid: 6ebaabeb2a2928348ab0727a2e3ca186,
        type: 3}
      propertyPath: m_LocalPosition.z
      value: 122.75893
      objectReference: {fileID: 0}
    - target: {fileID: 2112113604067955680, guid: 6ebaabeb2a2928348ab0727a2e3ca186,
        type: 3}
      propertyPath: m_LocalRotation.x
      value: -0
      objectReference: {fileID: 0}
    - target: {fileID: 2112113604067955680, guid: 6ebaabeb2a2928348ab0727a2e3ca186,
        type: 3}
      propertyPath: m_LocalRotation.y
      value: -0
      objectReference: {fileID: 0}
    - target: {fileID: 2112113604067955680, guid: 6ebaabeb2a2928348ab0727a2e3ca186,
        type: 3}
      propertyPath: m_LocalRotation.z
      value: -0
      objectReference: {fileID: 0}
    - target: {fileID: 2112113604067955680, guid: 6ebaabeb2a2928348ab0727a2e3ca186,
        type: 3}
      propertyPath: m_LocalRotation.w
      value: 1
      objectReference: {fileID: 0}
    - target: {fileID: 2112113604067955680, guid: 6ebaabeb2a2928348ab0727a2e3ca186,
        type: 3}
      propertyPath: m_RootOrder
      value: 0
      objectReference: {fileID: 0}
    - target: {fileID: 2112113604067955680, guid: 6ebaabeb2a2928348ab0727a2e3ca186,
        type: 3}
      propertyPath: m_LocalEulerAnglesHint.x
      value: 0
      objectReference: {fileID: 0}
    - target: {fileID: 2112113604067955680, guid: 6ebaabeb2a2928348ab0727a2e3ca186,
        type: 3}
      propertyPath: m_LocalEulerAnglesHint.y
      value: 0
      objectReference: {fileID: 0}
    - target: {fileID: 2112113604067955680, guid: 6ebaabeb2a2928348ab0727a2e3ca186,
        type: 3}
      propertyPath: m_LocalEulerAnglesHint.z
      value: 0
      objectReference: {fileID: 0}
    m_RemovedComponents: []
  m_SourcePrefab: {fileID: 100100000, guid: 6ebaabeb2a2928348ab0727a2e3ca186, type: 3}
--- !u!4 &2261587361281418523 stripped
Transform:
  m_CorrespondingSourceObject: {fileID: 2112113604067955680, guid: 6ebaabeb2a2928348ab0727a2e3ca186,
    type: 3}
  m_PrefabInstance: {fileID: 156915259629418235}
  m_PrefabAsset: {fileID: 0}
--- !u!1001 &666450166581097979
PrefabInstance:
  m_ObjectHideFlags: 0
  serializedVersion: 2
  m_Modification:
    m_TransformParent: {fileID: 2873525580349148046}
    m_Modifications:
    - target: {fileID: 6203413885887569773, guid: e40be37cdaad16249a2f0d76ee4d44de,
        type: 3}
      propertyPath: m_Name
      value: Spawner (8)
      objectReference: {fileID: 0}
    - target: {fileID: 4228695803215800952, guid: e40be37cdaad16249a2f0d76ee4d44de,
        type: 3}
      propertyPath: m_LocalPosition.x
      value: -14.49
      objectReference: {fileID: 0}
    - target: {fileID: 4228695803215800952, guid: e40be37cdaad16249a2f0d76ee4d44de,
        type: 3}
      propertyPath: m_LocalPosition.y
      value: -12.17
      objectReference: {fileID: 0}
    - target: {fileID: 4228695803215800952, guid: e40be37cdaad16249a2f0d76ee4d44de,
        type: 3}
      propertyPath: m_LocalPosition.z
      value: 27.22
      objectReference: {fileID: 0}
    - target: {fileID: 4228695803215800952, guid: e40be37cdaad16249a2f0d76ee4d44de,
        type: 3}
      propertyPath: m_LocalRotation.x
      value: -0
      objectReference: {fileID: 0}
    - target: {fileID: 4228695803215800952, guid: e40be37cdaad16249a2f0d76ee4d44de,
        type: 3}
      propertyPath: m_LocalRotation.y
      value: -0
      objectReference: {fileID: 0}
    - target: {fileID: 4228695803215800952, guid: e40be37cdaad16249a2f0d76ee4d44de,
        type: 3}
      propertyPath: m_LocalRotation.z
      value: -0
      objectReference: {fileID: 0}
    - target: {fileID: 4228695803215800952, guid: e40be37cdaad16249a2f0d76ee4d44de,
        type: 3}
      propertyPath: m_LocalRotation.w
      value: 1
      objectReference: {fileID: 0}
    - target: {fileID: 4228695803215800952, guid: e40be37cdaad16249a2f0d76ee4d44de,
        type: 3}
      propertyPath: m_RootOrder
      value: 20
      objectReference: {fileID: 0}
    - target: {fileID: 4228695803215800952, guid: e40be37cdaad16249a2f0d76ee4d44de,
        type: 3}
      propertyPath: m_LocalEulerAnglesHint.x
      value: 0
      objectReference: {fileID: 0}
    - target: {fileID: 4228695803215800952, guid: e40be37cdaad16249a2f0d76ee4d44de,
        type: 3}
      propertyPath: m_LocalEulerAnglesHint.y
      value: 0
      objectReference: {fileID: 0}
    - target: {fileID: 4228695803215800952, guid: e40be37cdaad16249a2f0d76ee4d44de,
        type: 3}
      propertyPath: m_LocalEulerAnglesHint.z
      value: 0
      objectReference: {fileID: 0}
    m_RemovedComponents: []
  m_SourcePrefab: {fileID: 100100000, guid: e40be37cdaad16249a2f0d76ee4d44de, type: 3}
--- !u!4 &3715729763894828931 stripped
Transform:
  m_CorrespondingSourceObject: {fileID: 4228695803215800952, guid: e40be37cdaad16249a2f0d76ee4d44de,
    type: 3}
  m_PrefabInstance: {fileID: 666450166581097979}
  m_PrefabAsset: {fileID: 0}
--- !u!1001 &1084003414061532784
PrefabInstance:
  m_ObjectHideFlags: 0
  serializedVersion: 2
  m_Modification:
    m_TransformParent: {fileID: 2873525580349148046}
    m_Modifications:
    - target: {fileID: 6203413885887569773, guid: 1fb04e76f73665f4cb4ff514b808f1a6,
        type: 3}
      propertyPath: m_Name
      value: Exit
      objectReference: {fileID: 0}
    - target: {fileID: 4228695803215800952, guid: 1fb04e76f73665f4cb4ff514b808f1a6,
        type: 3}
      propertyPath: m_LocalPosition.x
      value: 37.9
      objectReference: {fileID: 0}
    - target: {fileID: 4228695803215800952, guid: 1fb04e76f73665f4cb4ff514b808f1a6,
        type: 3}
      propertyPath: m_LocalPosition.y
      value: -6.6
      objectReference: {fileID: 0}
    - target: {fileID: 4228695803215800952, guid: 1fb04e76f73665f4cb4ff514b808f1a6,
        type: 3}
      propertyPath: m_LocalPosition.z
      value: -23.7
      objectReference: {fileID: 0}
    - target: {fileID: 4228695803215800952, guid: 1fb04e76f73665f4cb4ff514b808f1a6,
        type: 3}
      propertyPath: m_LocalRotation.x
      value: -0
      objectReference: {fileID: 0}
    - target: {fileID: 4228695803215800952, guid: 1fb04e76f73665f4cb4ff514b808f1a6,
        type: 3}
      propertyPath: m_LocalRotation.y
      value: -0
      objectReference: {fileID: 0}
    - target: {fileID: 4228695803215800952, guid: 1fb04e76f73665f4cb4ff514b808f1a6,
        type: 3}
      propertyPath: m_LocalRotation.z
      value: -0
      objectReference: {fileID: 0}
    - target: {fileID: 4228695803215800952, guid: 1fb04e76f73665f4cb4ff514b808f1a6,
        type: 3}
      propertyPath: m_LocalRotation.w
      value: 1
      objectReference: {fileID: 0}
    - target: {fileID: 4228695803215800952, guid: 1fb04e76f73665f4cb4ff514b808f1a6,
        type: 3}
      propertyPath: m_RootOrder
      value: 11
      objectReference: {fileID: 0}
    - target: {fileID: 4228695803215800952, guid: 1fb04e76f73665f4cb4ff514b808f1a6,
        type: 3}
      propertyPath: m_LocalEulerAnglesHint.x
      value: 0
      objectReference: {fileID: 0}
    - target: {fileID: 4228695803215800952, guid: 1fb04e76f73665f4cb4ff514b808f1a6,
        type: 3}
      propertyPath: m_LocalEulerAnglesHint.y
      value: 0
      objectReference: {fileID: 0}
    - target: {fileID: 4228695803215800952, guid: 1fb04e76f73665f4cb4ff514b808f1a6,
        type: 3}
      propertyPath: m_LocalEulerAnglesHint.z
      value: 0
      objectReference: {fileID: 0}
    m_RemovedComponents: []
  m_SourcePrefab: {fileID: 100100000, guid: 1fb04e76f73665f4cb4ff514b808f1a6, type: 3}
--- !u!4 &3865354229487905800 stripped
Transform:
  m_CorrespondingSourceObject: {fileID: 4228695803215800952, guid: 1fb04e76f73665f4cb4ff514b808f1a6,
    type: 3}
  m_PrefabInstance: {fileID: 1084003414061532784}
  m_PrefabAsset: {fileID: 0}
--- !u!1001 &1308253593348345265
PrefabInstance:
  m_ObjectHideFlags: 0
  serializedVersion: 2
  m_Modification:
    m_TransformParent: {fileID: 2873525580349148046}
    m_Modifications:
    - target: {fileID: 194089825012707688, guid: deaaa96f06da40a4b8099a7ef43dcd0f,
        type: 3}
      propertyPath: m_Name
      value: Skeleton_Armor (1)
      objectReference: {fileID: 0}
    - target: {fileID: 191085107614203964, guid: deaaa96f06da40a4b8099a7ef43dcd0f,
        type: 3}
      propertyPath: m_LocalPosition.x
      value: -29.719416
      objectReference: {fileID: 0}
    - target: {fileID: 191085107614203964, guid: deaaa96f06da40a4b8099a7ef43dcd0f,
        type: 3}
      propertyPath: m_LocalPosition.y
      value: -7.616306
      objectReference: {fileID: 0}
    - target: {fileID: 191085107614203964, guid: deaaa96f06da40a4b8099a7ef43dcd0f,
        type: 3}
      propertyPath: m_LocalPosition.z
      value: 103.05861
      objectReference: {fileID: 0}
    - target: {fileID: 191085107614203964, guid: deaaa96f06da40a4b8099a7ef43dcd0f,
        type: 3}
      propertyPath: m_LocalRotation.x
      value: 0
      objectReference: {fileID: 0}
    - target: {fileID: 191085107614203964, guid: deaaa96f06da40a4b8099a7ef43dcd0f,
        type: 3}
      propertyPath: m_LocalRotation.y
      value: -1
      objectReference: {fileID: 0}
    - target: {fileID: 191085107614203964, guid: deaaa96f06da40a4b8099a7ef43dcd0f,
        type: 3}
      propertyPath: m_LocalRotation.z
      value: 0
      objectReference: {fileID: 0}
    - target: {fileID: 191085107614203964, guid: deaaa96f06da40a4b8099a7ef43dcd0f,
        type: 3}
      propertyPath: m_LocalRotation.w
      value: 0
      objectReference: {fileID: 0}
    - target: {fileID: 191085107614203964, guid: deaaa96f06da40a4b8099a7ef43dcd0f,
        type: 3}
      propertyPath: m_RootOrder
      value: 7
      objectReference: {fileID: 0}
    - target: {fileID: 191085107614203964, guid: deaaa96f06da40a4b8099a7ef43dcd0f,
        type: 3}
      propertyPath: m_LocalEulerAnglesHint.x
      value: 0
      objectReference: {fileID: 0}
    - target: {fileID: 191085107614203964, guid: deaaa96f06da40a4b8099a7ef43dcd0f,
        type: 3}
      propertyPath: m_LocalEulerAnglesHint.y
      value: -180
      objectReference: {fileID: 0}
    - target: {fileID: 191085107614203964, guid: deaaa96f06da40a4b8099a7ef43dcd0f,
        type: 3}
      propertyPath: m_LocalEulerAnglesHint.z
      value: 0
      objectReference: {fileID: 0}
    m_RemovedComponents: []
  m_SourcePrefab: {fileID: 100100000, guid: deaaa96f06da40a4b8099a7ef43dcd0f, type: 3}
--- !u!4 &1189239828233735565 stripped
Transform:
  m_CorrespondingSourceObject: {fileID: 191085107614203964, guid: deaaa96f06da40a4b8099a7ef43dcd0f,
    type: 3}
  m_PrefabInstance: {fileID: 1308253593348345265}
  m_PrefabAsset: {fileID: 0}
--- !u!1001 &2048968912986903296
PrefabInstance:
  m_ObjectHideFlags: 0
  serializedVersion: 2
  m_Modification:
    m_TransformParent: {fileID: 2873525580349148046}
    m_Modifications:
    - target: {fileID: 6998687521920614692, guid: 2e7470127de81ea4b947d46cd7cfb1c8,
        type: 3}
      propertyPath: m_Name
      value: Golem (1)
      objectReference: {fileID: 0}
    - target: {fileID: 7002032197464815814, guid: 2e7470127de81ea4b947d46cd7cfb1c8,
        type: 3}
      propertyPath: m_LocalPosition.x
      value: -28.190577
      objectReference: {fileID: 0}
    - target: {fileID: 7002032197464815814, guid: 2e7470127de81ea4b947d46cd7cfb1c8,
        type: 3}
      propertyPath: m_LocalPosition.y
      value: -7.616668
      objectReference: {fileID: 0}
    - target: {fileID: 7002032197464815814, guid: 2e7470127de81ea4b947d46cd7cfb1c8,
        type: 3}
      propertyPath: m_LocalPosition.z
      value: 55.11935
      objectReference: {fileID: 0}
    - target: {fileID: 7002032197464815814, guid: 2e7470127de81ea4b947d46cd7cfb1c8,
        type: 3}
      propertyPath: m_LocalRotation.x
      value: -0
      objectReference: {fileID: 0}
    - target: {fileID: 7002032197464815814, guid: 2e7470127de81ea4b947d46cd7cfb1c8,
        type: 3}
      propertyPath: m_LocalRotation.y
      value: -0
      objectReference: {fileID: 0}
    - target: {fileID: 7002032197464815814, guid: 2e7470127de81ea4b947d46cd7cfb1c8,
        type: 3}
      propertyPath: m_LocalRotation.z
      value: -0
      objectReference: {fileID: 0}
    - target: {fileID: 7002032197464815814, guid: 2e7470127de81ea4b947d46cd7cfb1c8,
        type: 3}
      propertyPath: m_LocalRotation.w
      value: 1
      objectReference: {fileID: 0}
    - target: {fileID: 7002032197464815814, guid: 2e7470127de81ea4b947d46cd7cfb1c8,
        type: 3}
      propertyPath: m_RootOrder
      value: 8
      objectReference: {fileID: 0}
    - target: {fileID: 7002032197464815814, guid: 2e7470127de81ea4b947d46cd7cfb1c8,
        type: 3}
      propertyPath: m_LocalEulerAnglesHint.x
      value: 0
      objectReference: {fileID: 0}
    - target: {fileID: 7002032197464815814, guid: 2e7470127de81ea4b947d46cd7cfb1c8,
        type: 3}
      propertyPath: m_LocalEulerAnglesHint.y
      value: 0
      objectReference: {fileID: 0}
    - target: {fileID: 7002032197464815814, guid: 2e7470127de81ea4b947d46cd7cfb1c8,
        type: 3}
      propertyPath: m_LocalEulerAnglesHint.z
      value: 0
      objectReference: {fileID: 0}
    m_RemovedComponents: []
  m_SourcePrefab: {fileID: 100100000, guid: 2e7470127de81ea4b947d46cd7cfb1c8, type: 3}
--- !u!4 &9026147627139066822 stripped
Transform:
  m_CorrespondingSourceObject: {fileID: 7002032197464815814, guid: 2e7470127de81ea4b947d46cd7cfb1c8,
    type: 3}
  m_PrefabInstance: {fileID: 2048968912986903296}
  m_PrefabAsset: {fileID: 0}
--- !u!1001 &2287841904689029316
PrefabInstance:
  m_ObjectHideFlags: 0
  serializedVersion: 2
  m_Modification:
    m_TransformParent: {fileID: 2873525580349148046}
    m_Modifications:
    - target: {fileID: 194089825012707688, guid: deaaa96f06da40a4b8099a7ef43dcd0f,
        type: 3}
      propertyPath: m_Name
      value: Skeleton_Armor
      objectReference: {fileID: 0}
    - target: {fileID: 191085107614203964, guid: deaaa96f06da40a4b8099a7ef43dcd0f,
        type: 3}
      propertyPath: m_LocalPosition.x
      value: -37.49549
      objectReference: {fileID: 0}
    - target: {fileID: 191085107614203964, guid: deaaa96f06da40a4b8099a7ef43dcd0f,
        type: 3}
      propertyPath: m_LocalPosition.y
      value: -7.6164126
      objectReference: {fileID: 0}
    - target: {fileID: 191085107614203964, guid: deaaa96f06da40a4b8099a7ef43dcd0f,
        type: 3}
      propertyPath: m_LocalPosition.z
      value: 92.68149
      objectReference: {fileID: 0}
    - target: {fileID: 191085107614203964, guid: deaaa96f06da40a4b8099a7ef43dcd0f,
        type: 3}
      propertyPath: m_LocalRotation.x
      value: -0
      objectReference: {fileID: 0}
    - target: {fileID: 191085107614203964, guid: deaaa96f06da40a4b8099a7ef43dcd0f,
        type: 3}
      propertyPath: m_LocalRotation.y
      value: -0
      objectReference: {fileID: 0}
    - target: {fileID: 191085107614203964, guid: deaaa96f06da40a4b8099a7ef43dcd0f,
        type: 3}
      propertyPath: m_LocalRotation.z
      value: -0
      objectReference: {fileID: 0}
    - target: {fileID: 191085107614203964, guid: deaaa96f06da40a4b8099a7ef43dcd0f,
        type: 3}
      propertyPath: m_LocalRotation.w
      value: 1
      objectReference: {fileID: 0}
    - target: {fileID: 191085107614203964, guid: deaaa96f06da40a4b8099a7ef43dcd0f,
        type: 3}
      propertyPath: m_RootOrder
      value: 5
      objectReference: {fileID: 0}
    - target: {fileID: 191085107614203964, guid: deaaa96f06da40a4b8099a7ef43dcd0f,
        type: 3}
      propertyPath: m_LocalEulerAnglesHint.x
      value: 0
      objectReference: {fileID: 0}
    - target: {fileID: 191085107614203964, guid: deaaa96f06da40a4b8099a7ef43dcd0f,
        type: 3}
      propertyPath: m_LocalEulerAnglesHint.y
      value: 0
      objectReference: {fileID: 0}
    - target: {fileID: 191085107614203964, guid: deaaa96f06da40a4b8099a7ef43dcd0f,
        type: 3}
      propertyPath: m_LocalEulerAnglesHint.z
      value: 0
      objectReference: {fileID: 0}
    m_RemovedComponents: []
  m_SourcePrefab: {fileID: 100100000, guid: deaaa96f06da40a4b8099a7ef43dcd0f, type: 3}
--- !u!4 &2118612618628849912 stripped
Transform:
  m_CorrespondingSourceObject: {fileID: 191085107614203964, guid: deaaa96f06da40a4b8099a7ef43dcd0f,
    type: 3}
  m_PrefabInstance: {fileID: 2287841904689029316}
  m_PrefabAsset: {fileID: 0}
--- !u!1001 &3152014187298841412
PrefabInstance:
  m_ObjectHideFlags: 0
  serializedVersion: 2
  m_Modification:
    m_TransformParent: {fileID: 2873525580349148046}
    m_Modifications:
    - target: {fileID: 6203413885887569773, guid: e40be37cdaad16249a2f0d76ee4d44de,
        type: 3}
      propertyPath: m_Name
      value: Spawner (7)
      objectReference: {fileID: 0}
    - target: {fileID: 4228695803215800952, guid: e40be37cdaad16249a2f0d76ee4d44de,
        type: 3}
      propertyPath: m_LocalPosition.x
      value: -18.74
      objectReference: {fileID: 0}
    - target: {fileID: 4228695803215800952, guid: e40be37cdaad16249a2f0d76ee4d44de,
        type: 3}
      propertyPath: m_LocalPosition.y
      value: -11.85
      objectReference: {fileID: 0}
    - target: {fileID: 4228695803215800952, guid: e40be37cdaad16249a2f0d76ee4d44de,
        type: 3}
      propertyPath: m_LocalPosition.z
      value: 79.4
      objectReference: {fileID: 0}
    - target: {fileID: 4228695803215800952, guid: e40be37cdaad16249a2f0d76ee4d44de,
        type: 3}
      propertyPath: m_LocalRotation.x
      value: -0
      objectReference: {fileID: 0}
    - target: {fileID: 4228695803215800952, guid: e40be37cdaad16249a2f0d76ee4d44de,
        type: 3}
      propertyPath: m_LocalRotation.y
      value: -0
      objectReference: {fileID: 0}
    - target: {fileID: 4228695803215800952, guid: e40be37cdaad16249a2f0d76ee4d44de,
        type: 3}
      propertyPath: m_LocalRotation.z
      value: -0
      objectReference: {fileID: 0}
    - target: {fileID: 4228695803215800952, guid: e40be37cdaad16249a2f0d76ee4d44de,
        type: 3}
      propertyPath: m_LocalRotation.w
      value: 1
      objectReference: {fileID: 0}
    - target: {fileID: 4228695803215800952, guid: e40be37cdaad16249a2f0d76ee4d44de,
        type: 3}
      propertyPath: m_RootOrder
      value: 19
      objectReference: {fileID: 0}
    - target: {fileID: 4228695803215800952, guid: e40be37cdaad16249a2f0d76ee4d44de,
        type: 3}
      propertyPath: m_LocalEulerAnglesHint.x
      value: 0
      objectReference: {fileID: 0}
    - target: {fileID: 4228695803215800952, guid: e40be37cdaad16249a2f0d76ee4d44de,
        type: 3}
      propertyPath: m_LocalEulerAnglesHint.y
      value: 0
      objectReference: {fileID: 0}
    - target: {fileID: 4228695803215800952, guid: e40be37cdaad16249a2f0d76ee4d44de,
        type: 3}
      propertyPath: m_LocalEulerAnglesHint.z
      value: 0
      objectReference: {fileID: 0}
    m_RemovedComponents: []
  m_SourcePrefab: {fileID: 100100000, guid: e40be37cdaad16249a2f0d76ee4d44de, type: 3}
--- !u!4 &1229883305527904572 stripped
Transform:
  m_CorrespondingSourceObject: {fileID: 4228695803215800952, guid: e40be37cdaad16249a2f0d76ee4d44de,
    type: 3}
  m_PrefabInstance: {fileID: 3152014187298841412}
  m_PrefabAsset: {fileID: 0}
--- !u!1001 &3243298087167162148
PrefabInstance:
  m_ObjectHideFlags: 0
  serializedVersion: 2
  m_Modification:
    m_TransformParent: {fileID: 2873525580349148046}
    m_Modifications:
    - target: {fileID: 5853069326561848044, guid: 4c0ca07272639544bb2d66d3d0f27d41,
        type: 3}
      propertyPath: m_Name
      value: CM ClearShot1
      objectReference: {fileID: 0}
    - target: {fileID: 6374462260207622127, guid: 4c0ca07272639544bb2d66d3d0f27d41,
        type: 3}
      propertyPath: m_LocalPosition.x
      value: 0
      objectReference: {fileID: 0}
    - target: {fileID: 6374462260207622127, guid: 4c0ca07272639544bb2d66d3d0f27d41,
        type: 3}
      propertyPath: m_LocalPosition.y
      value: 0
      objectReference: {fileID: 0}
    - target: {fileID: 6374462260207622127, guid: 4c0ca07272639544bb2d66d3d0f27d41,
        type: 3}
      propertyPath: m_LocalPosition.z
      value: 0
      objectReference: {fileID: 0}
    - target: {fileID: 6374462260207622127, guid: 4c0ca07272639544bb2d66d3d0f27d41,
        type: 3}
      propertyPath: m_LocalRotation.x
      value: -0
      objectReference: {fileID: 0}
    - target: {fileID: 6374462260207622127, guid: 4c0ca07272639544bb2d66d3d0f27d41,
        type: 3}
      propertyPath: m_LocalRotation.y
      value: -0
      objectReference: {fileID: 0}
    - target: {fileID: 6374462260207622127, guid: 4c0ca07272639544bb2d66d3d0f27d41,
        type: 3}
      propertyPath: m_LocalRotation.z
      value: -0
      objectReference: {fileID: 0}
    - target: {fileID: 6374462260207622127, guid: 4c0ca07272639544bb2d66d3d0f27d41,
        type: 3}
      propertyPath: m_LocalRotation.w
      value: 1
      objectReference: {fileID: 0}
    - target: {fileID: 6374462260207622127, guid: 4c0ca07272639544bb2d66d3d0f27d41,
        type: 3}
      propertyPath: m_RootOrder
      value: 23
      objectReference: {fileID: 0}
    - target: {fileID: 6374462260207622127, guid: 4c0ca07272639544bb2d66d3d0f27d41,
        type: 3}
      propertyPath: m_LocalEulerAnglesHint.x
      value: 0
      objectReference: {fileID: 0}
    - target: {fileID: 6374462260207622127, guid: 4c0ca07272639544bb2d66d3d0f27d41,
        type: 3}
      propertyPath: m_LocalEulerAnglesHint.y
      value: 0
      objectReference: {fileID: 0}
    - target: {fileID: 6374462260207622127, guid: 4c0ca07272639544bb2d66d3d0f27d41,
        type: 3}
      propertyPath: m_LocalEulerAnglesHint.z
      value: 0
      objectReference: {fileID: 0}
    - target: {fileID: 7790623841978051673, guid: 4c0ca07272639544bb2d66d3d0f27d41,
        type: 3}
      propertyPath: m_LocalPosition.x
      value: -51.91275
      objectReference: {fileID: 0}
    - target: {fileID: 7790623841978051673, guid: 4c0ca07272639544bb2d66d3d0f27d41,
        type: 3}
      propertyPath: m_LocalPosition.y
      value: -5.383455
      objectReference: {fileID: 0}
    - target: {fileID: 7790623841978051673, guid: 4c0ca07272639544bb2d66d3d0f27d41,
        type: 3}
      propertyPath: m_LocalPosition.z
      value: 91.94978
      objectReference: {fileID: 0}
    - target: {fileID: 7790623841978051673, guid: 4c0ca07272639544bb2d66d3d0f27d41,
        type: 3}
      propertyPath: m_LocalRotation.x
      value: 0.13463299
      objectReference: {fileID: 0}
    - target: {fileID: 7790623841978051673, guid: 4c0ca07272639544bb2d66d3d0f27d41,
        type: 3}
      propertyPath: m_LocalRotation.y
      value: -0.010333768
      objectReference: {fileID: 0}
    - target: {fileID: 7790623841978051673, guid: 4c0ca07272639544bb2d66d3d0f27d41,
        type: 3}
      propertyPath: m_LocalRotation.z
      value: 0.0014041456
      objectReference: {fileID: 0}
    - target: {fileID: 6656393531555589580, guid: 4c0ca07272639544bb2d66d3d0f27d41,
        type: 3}
      propertyPath: m_ChildCameras.Array.size
      value: 1
      objectReference: {fileID: 0}
    - target: {fileID: 6656393531555589580, guid: 4c0ca07272639544bb2d66d3d0f27d41,
        type: 3}
      propertyPath: m_Follow
      value: 
      objectReference: {fileID: 5237345675789895982}
    - target: {fileID: 6656393531555589580, guid: 4c0ca07272639544bb2d66d3d0f27d41,
        type: 3}
      propertyPath: m_LookAt
      value: 
      objectReference: {fileID: 5237345676456375307}
    m_RemovedComponents: []
  m_SourcePrefab: {fileID: 100100000, guid: 4c0ca07272639544bb2d66d3d0f27d41, type: 3}
--- !u!4 &8463426758979510475 stripped
Transform:
  m_CorrespondingSourceObject: {fileID: 6374462260207622127, guid: 4c0ca07272639544bb2d66d3d0f27d41,
    type: 3}
  m_PrefabInstance: {fileID: 3243298087167162148}
  m_PrefabAsset: {fileID: 0}
--- !u!1001 &3252813108252278904
PrefabInstance:
  m_ObjectHideFlags: 0
  serializedVersion: 2
  m_Modification:
    m_TransformParent: {fileID: 2873525580349148046}
    m_Modifications:
    - target: {fileID: 8379505537159371168, guid: ce1d89afe77f6514ab193cfcccb47635,
        type: 3}
      propertyPath: m_Name
      value: BuildComponent (2)
      objectReference: {fileID: 0}
    - target: {fileID: 4078046552148341546, guid: ce1d89afe77f6514ab193cfcccb47635,
        type: 3}
      propertyPath: m_LocalPosition.x
      value: 38.65685
      objectReference: {fileID: 0}
    - target: {fileID: 4078046552148341546, guid: ce1d89afe77f6514ab193cfcccb47635,
        type: 3}
      propertyPath: m_LocalPosition.y
      value: 5.579963
      objectReference: {fileID: 0}
    - target: {fileID: 4078046552148341546, guid: ce1d89afe77f6514ab193cfcccb47635,
        type: 3}
      propertyPath: m_LocalPosition.z
      value: -16.041077
      objectReference: {fileID: 0}
    - target: {fileID: 4078046552148341546, guid: ce1d89afe77f6514ab193cfcccb47635,
        type: 3}
      propertyPath: m_LocalRotation.x
      value: -0
      objectReference: {fileID: 0}
    - target: {fileID: 4078046552148341546, guid: ce1d89afe77f6514ab193cfcccb47635,
        type: 3}
      propertyPath: m_LocalRotation.y
      value: 0.7071068
      objectReference: {fileID: 0}
    - target: {fileID: 4078046552148341546, guid: ce1d89afe77f6514ab193cfcccb47635,
        type: 3}
      propertyPath: m_LocalRotation.z
      value: -0
      objectReference: {fileID: 0}
    - target: {fileID: 4078046552148341546, guid: ce1d89afe77f6514ab193cfcccb47635,
        type: 3}
      propertyPath: m_LocalRotation.w
      value: 0.7071068
      objectReference: {fileID: 0}
    - target: {fileID: 4078046552148341546, guid: ce1d89afe77f6514ab193cfcccb47635,
        type: 3}
      propertyPath: m_RootOrder
      value: 2
      objectReference: {fileID: 0}
    - target: {fileID: 4078046552148341546, guid: ce1d89afe77f6514ab193cfcccb47635,
        type: 3}
      propertyPath: m_LocalEulerAnglesHint.x
      value: 0
      objectReference: {fileID: 0}
    - target: {fileID: 4078046552148341546, guid: ce1d89afe77f6514ab193cfcccb47635,
        type: 3}
      propertyPath: m_LocalEulerAnglesHint.y
      value: 90
      objectReference: {fileID: 0}
    - target: {fileID: 4078046552148341546, guid: ce1d89afe77f6514ab193cfcccb47635,
        type: 3}
      propertyPath: m_LocalEulerAnglesHint.z
      value: 0
      objectReference: {fileID: 0}
    m_RemovedComponents: []
  m_SourcePrefab: {fileID: 100100000, guid: ce1d89afe77f6514ab193cfcccb47635, type: 3}
--- !u!4 &1566252055559041874 stripped
Transform:
  m_CorrespondingSourceObject: {fileID: 4078046552148341546, guid: ce1d89afe77f6514ab193cfcccb47635,
    type: 3}
  m_PrefabInstance: {fileID: 3252813108252278904}
  m_PrefabAsset: {fileID: 0}
--- !u!1001 &3364398243396255544
PrefabInstance:
  m_ObjectHideFlags: 0
  serializedVersion: 2
  m_Modification:
    m_TransformParent: {fileID: 2873525580349148046}
    m_Modifications:
    - target: {fileID: 6203413885887569773, guid: e40be37cdaad16249a2f0d76ee4d44de,
        type: 3}
      propertyPath: m_Name
      value: Spawner (5)
      objectReference: {fileID: 0}
    - target: {fileID: 4228695803215800952, guid: e40be37cdaad16249a2f0d76ee4d44de,
        type: 3}
      propertyPath: m_LocalPosition.x
      value: -53.3
      objectReference: {fileID: 0}
    - target: {fileID: 4228695803215800952, guid: e40be37cdaad16249a2f0d76ee4d44de,
        type: 3}
      propertyPath: m_LocalPosition.y
      value: -7.03
      objectReference: {fileID: 0}
    - target: {fileID: 4228695803215800952, guid: e40be37cdaad16249a2f0d76ee4d44de,
        type: 3}
      propertyPath: m_LocalPosition.z
      value: 111.9
      objectReference: {fileID: 0}
    - target: {fileID: 4228695803215800952, guid: e40be37cdaad16249a2f0d76ee4d44de,
        type: 3}
      propertyPath: m_LocalRotation.x
      value: -0
      objectReference: {fileID: 0}
    - target: {fileID: 4228695803215800952, guid: e40be37cdaad16249a2f0d76ee4d44de,
        type: 3}
      propertyPath: m_LocalRotation.y
      value: -0
      objectReference: {fileID: 0}
    - target: {fileID: 4228695803215800952, guid: e40be37cdaad16249a2f0d76ee4d44de,
        type: 3}
      propertyPath: m_LocalRotation.z
      value: -0
      objectReference: {fileID: 0}
    - target: {fileID: 4228695803215800952, guid: e40be37cdaad16249a2f0d76ee4d44de,
        type: 3}
      propertyPath: m_LocalRotation.w
      value: 1
      objectReference: {fileID: 0}
    - target: {fileID: 4228695803215800952, guid: e40be37cdaad16249a2f0d76ee4d44de,
        type: 3}
      propertyPath: m_RootOrder
      value: 17
      objectReference: {fileID: 0}
    - target: {fileID: 4228695803215800952, guid: e40be37cdaad16249a2f0d76ee4d44de,
        type: 3}
      propertyPath: m_LocalEulerAnglesHint.x
      value: 0
      objectReference: {fileID: 0}
    - target: {fileID: 4228695803215800952, guid: e40be37cdaad16249a2f0d76ee4d44de,
        type: 3}
      propertyPath: m_LocalEulerAnglesHint.y
      value: 0
      objectReference: {fileID: 0}
    - target: {fileID: 4228695803215800952, guid: e40be37cdaad16249a2f0d76ee4d44de,
        type: 3}
      propertyPath: m_LocalEulerAnglesHint.z
      value: 0
      objectReference: {fileID: 0}
    m_RemovedComponents: []
  m_SourcePrefab: {fileID: 100100000, guid: e40be37cdaad16249a2f0d76ee4d44de, type: 3}
--- !u!4 &1450130549238142272 stripped
Transform:
  m_CorrespondingSourceObject: {fileID: 4228695803215800952, guid: e40be37cdaad16249a2f0d76ee4d44de,
    type: 3}
  m_PrefabInstance: {fileID: 3364398243396255544}
  m_PrefabAsset: {fileID: 0}
--- !u!1001 &3733793742838873257
PrefabInstance:
  m_ObjectHideFlags: 0
  serializedVersion: 2
  m_Modification:
    m_TransformParent: {fileID: 2873525580349148046}
    m_Modifications:
    - target: {fileID: 81109407129549254, guid: a485b030dea20e040b7e03e5e2799cbe,
        type: 3}
      propertyPath: m_Name
      value: InGameHUD
      objectReference: {fileID: 0}
    - target: {fileID: 8259711040990453499, guid: a485b030dea20e040b7e03e5e2799cbe,
        type: 3}
      propertyPath: m_LocalPosition.x
      value: 0
      objectReference: {fileID: 0}
    - target: {fileID: 8259711040990453499, guid: a485b030dea20e040b7e03e5e2799cbe,
        type: 3}
      propertyPath: m_LocalPosition.y
      value: 0
      objectReference: {fileID: 0}
    - target: {fileID: 8259711040990453499, guid: a485b030dea20e040b7e03e5e2799cbe,
        type: 3}
      propertyPath: m_LocalPosition.z
      value: 0
      objectReference: {fileID: 0}
    - target: {fileID: 8259711040990453499, guid: a485b030dea20e040b7e03e5e2799cbe,
        type: 3}
      propertyPath: m_LocalRotation.x
      value: 0
      objectReference: {fileID: 0}
    - target: {fileID: 8259711040990453499, guid: a485b030dea20e040b7e03e5e2799cbe,
        type: 3}
      propertyPath: m_LocalRotation.y
      value: 0
      objectReference: {fileID: 0}
    - target: {fileID: 8259711040990453499, guid: a485b030dea20e040b7e03e5e2799cbe,
        type: 3}
      propertyPath: m_LocalRotation.z
      value: 0
      objectReference: {fileID: 0}
    - target: {fileID: 8259711040990453499, guid: a485b030dea20e040b7e03e5e2799cbe,
        type: 3}
      propertyPath: m_LocalRotation.w
      value: 1
      objectReference: {fileID: 0}
    - target: {fileID: 8259711040990453499, guid: a485b030dea20e040b7e03e5e2799cbe,
        type: 3}
      propertyPath: m_RootOrder
      value: 25
      objectReference: {fileID: 0}
    - target: {fileID: 8259711040990453499, guid: a485b030dea20e040b7e03e5e2799cbe,
        type: 3}
      propertyPath: m_LocalEulerAnglesHint.x
      value: 0
      objectReference: {fileID: 0}
    - target: {fileID: 8259711040990453499, guid: a485b030dea20e040b7e03e5e2799cbe,
        type: 3}
      propertyPath: m_LocalEulerAnglesHint.y
      value: 0
      objectReference: {fileID: 0}
    - target: {fileID: 8259711040990453499, guid: a485b030dea20e040b7e03e5e2799cbe,
        type: 3}
      propertyPath: m_LocalEulerAnglesHint.z
      value: 0
      objectReference: {fileID: 0}
    - target: {fileID: 8259711040990453499, guid: a485b030dea20e040b7e03e5e2799cbe,
        type: 3}
      propertyPath: m_AnchoredPosition.x
      value: 0
      objectReference: {fileID: 0}
    - target: {fileID: 8259711040990453499, guid: a485b030dea20e040b7e03e5e2799cbe,
        type: 3}
      propertyPath: m_AnchoredPosition.y
      value: 0
      objectReference: {fileID: 0}
    - target: {fileID: 8259711040990453499, guid: a485b030dea20e040b7e03e5e2799cbe,
        type: 3}
      propertyPath: m_SizeDelta.x
      value: 0
      objectReference: {fileID: 0}
    - target: {fileID: 8259711040990453499, guid: a485b030dea20e040b7e03e5e2799cbe,
        type: 3}
      propertyPath: m_SizeDelta.y
      value: 0
      objectReference: {fileID: 0}
    - target: {fileID: 8259711040990453499, guid: a485b030dea20e040b7e03e5e2799cbe,
        type: 3}
      propertyPath: m_AnchorMin.x
      value: 0
      objectReference: {fileID: 0}
    - target: {fileID: 8259711040990453499, guid: a485b030dea20e040b7e03e5e2799cbe,
        type: 3}
      propertyPath: m_AnchorMin.y
      value: 0
      objectReference: {fileID: 0}
    - target: {fileID: 8259711040990453499, guid: a485b030dea20e040b7e03e5e2799cbe,
        type: 3}
      propertyPath: m_AnchorMax.x
      value: 0
      objectReference: {fileID: 0}
    - target: {fileID: 8259711040990453499, guid: a485b030dea20e040b7e03e5e2799cbe,
        type: 3}
      propertyPath: m_AnchorMax.y
      value: 0
      objectReference: {fileID: 0}
    - target: {fileID: 8259711040990453499, guid: a485b030dea20e040b7e03e5e2799cbe,
        type: 3}
      propertyPath: m_Pivot.x
      value: 0
      objectReference: {fileID: 0}
    - target: {fileID: 8259711040990453499, guid: a485b030dea20e040b7e03e5e2799cbe,
        type: 3}
      propertyPath: m_Pivot.y
      value: 0
      objectReference: {fileID: 0}
    - target: {fileID: 109977449165683526, guid: a485b030dea20e040b7e03e5e2799cbe,
        type: 3}
      propertyPath: m_AnchorMax.x
      value: 0
      objectReference: {fileID: 0}
    - target: {fileID: 109977449165683526, guid: a485b030dea20e040b7e03e5e2799cbe,
        type: 3}
      propertyPath: m_AnchorMax.y
      value: 0
      objectReference: {fileID: 0}
    - target: {fileID: 3638512681271709915, guid: a485b030dea20e040b7e03e5e2799cbe,
        type: 3}
      propertyPath: m_AnchorMax.x
      value: 0
      objectReference: {fileID: 0}
    - target: {fileID: 3638512681271709915, guid: a485b030dea20e040b7e03e5e2799cbe,
        type: 3}
      propertyPath: m_AnchorMax.y
      value: 0
      objectReference: {fileID: 0}
    m_RemovedComponents: []
  m_SourcePrefab: {fileID: 100100000, guid: a485b030dea20e040b7e03e5e2799cbe, type: 3}
--- !u!224 &4715685312094216786 stripped
RectTransform:
  m_CorrespondingSourceObject: {fileID: 8259711040990453499, guid: a485b030dea20e040b7e03e5e2799cbe,
    type: 3}
  m_PrefabInstance: {fileID: 3733793742838873257}
  m_PrefabAsset: {fileID: 0}
--- !u!1 &3269794947157815777 stripped
GameObject:
  m_CorrespondingSourceObject: {fileID: 2211756211224300872, guid: a485b030dea20e040b7e03e5e2799cbe,
    type: 3}
  m_PrefabInstance: {fileID: 3733793742838873257}
  m_PrefabAsset: {fileID: 0}
--- !u!114 &5901562677160333441 stripped
MonoBehaviour:
  m_CorrespondingSourceObject: {fileID: 7077290664633101352, guid: a485b030dea20e040b7e03e5e2799cbe,
    type: 3}
  m_PrefabInstance: {fileID: 3733793742838873257}
  m_PrefabAsset: {fileID: 0}
  m_GameObject: {fileID: 0}
  m_Enabled: 1
  m_EditorHideFlags: 0
  m_Script: {fileID: 11500000, guid: fe87c0e1cc204ed48ad3b37840f39efc, type: 3}
  m_Name: 
  m_EditorClassIdentifier: 
--- !u!114 &5280509489999490338 stripped
MonoBehaviour:
  m_CorrespondingSourceObject: {fileID: 8834156770604814731, guid: a485b030dea20e040b7e03e5e2799cbe,
    type: 3}
  m_PrefabInstance: {fileID: 3733793742838873257}
  m_PrefabAsset: {fileID: 0}
  m_GameObject: {fileID: 0}
  m_Enabled: 1
  m_EditorHideFlags: 0
  m_Script: {fileID: 11500000, guid: 67db9e8f0e2ae9c40bc1e2b64352a6b4, type: 3}
  m_Name: 
  m_EditorClassIdentifier: 
--- !u!114 &5947573117728396190 stripped
MonoBehaviour:
  m_CorrespondingSourceObject: {fileID: 7015235604931784503, guid: a485b030dea20e040b7e03e5e2799cbe,
    type: 3}
  m_PrefabInstance: {fileID: 3733793742838873257}
  m_PrefabAsset: {fileID: 0}
  m_GameObject: {fileID: 0}
  m_Enabled: 1
  m_EditorHideFlags: 0
  m_Script: {fileID: 11500000, guid: 67db9e8f0e2ae9c40bc1e2b64352a6b4, type: 3}
  m_Name: 
  m_EditorClassIdentifier: 
--- !u!1001 &4101800465012546038
PrefabInstance:
  m_ObjectHideFlags: 0
  serializedVersion: 2
  m_Modification:
    m_TransformParent: {fileID: 2873525580349148046}
    m_Modifications:
    - target: {fileID: 194089825012707688, guid: deaaa96f06da40a4b8099a7ef43dcd0f,
        type: 3}
      propertyPath: m_Name
      value: Skeleton_Armor (3)
      objectReference: {fileID: 0}
    - target: {fileID: 191085107614203964, guid: deaaa96f06da40a4b8099a7ef43dcd0f,
        type: 3}
      propertyPath: m_LocalPosition.x
      value: 11.09432
      objectReference: {fileID: 0}
    - target: {fileID: 191085107614203964, guid: deaaa96f06da40a4b8099a7ef43dcd0f,
        type: 3}
      propertyPath: m_LocalPosition.y
      value: -7.6163077
      objectReference: {fileID: 0}
    - target: {fileID: 191085107614203964, guid: deaaa96f06da40a4b8099a7ef43dcd0f,
        type: 3}
      propertyPath: m_LocalPosition.z
      value: -7.104811
      objectReference: {fileID: 0}
    - target: {fileID: 191085107614203964, guid: deaaa96f06da40a4b8099a7ef43dcd0f,
        type: 3}
      propertyPath: m_LocalRotation.x
      value: -0
      objectReference: {fileID: 0}
    - target: {fileID: 191085107614203964, guid: deaaa96f06da40a4b8099a7ef43dcd0f,
        type: 3}
      propertyPath: m_LocalRotation.y
      value: -0
      objectReference: {fileID: 0}
    - target: {fileID: 191085107614203964, guid: deaaa96f06da40a4b8099a7ef43dcd0f,
        type: 3}
      propertyPath: m_LocalRotation.z
      value: -0
      objectReference: {fileID: 0}
    - target: {fileID: 191085107614203964, guid: deaaa96f06da40a4b8099a7ef43dcd0f,
        type: 3}
      propertyPath: m_LocalRotation.w
      value: 1
      objectReference: {fileID: 0}
    - target: {fileID: 191085107614203964, guid: deaaa96f06da40a4b8099a7ef43dcd0f,
        type: 3}
      propertyPath: m_RootOrder
      value: 10
      objectReference: {fileID: 0}
    - target: {fileID: 191085107614203964, guid: deaaa96f06da40a4b8099a7ef43dcd0f,
        type: 3}
      propertyPath: m_LocalEulerAnglesHint.x
      value: 0
      objectReference: {fileID: 0}
    - target: {fileID: 191085107614203964, guid: deaaa96f06da40a4b8099a7ef43dcd0f,
        type: 3}
      propertyPath: m_LocalEulerAnglesHint.y
      value: 0
      objectReference: {fileID: 0}
    - target: {fileID: 191085107614203964, guid: deaaa96f06da40a4b8099a7ef43dcd0f,
        type: 3}
      propertyPath: m_LocalEulerAnglesHint.z
      value: 0
      objectReference: {fileID: 0}
    m_RemovedComponents: []
  m_SourcePrefab: {fileID: 100100000, guid: deaaa96f06da40a4b8099a7ef43dcd0f, type: 3}
--- !u!4 &4200269859657652682 stripped
Transform:
  m_CorrespondingSourceObject: {fileID: 191085107614203964, guid: deaaa96f06da40a4b8099a7ef43dcd0f,
    type: 3}
  m_PrefabInstance: {fileID: 4101800465012546038}
  m_PrefabAsset: {fileID: 0}
--- !u!1001 &4554198144469756484
PrefabInstance:
  m_ObjectHideFlags: 0
  serializedVersion: 2
  m_Modification:
    m_TransformParent: {fileID: 2873525580349148046}
    m_Modifications:
    - target: {fileID: 6203413885887569773, guid: e40be37cdaad16249a2f0d76ee4d44de,
        type: 3}
      propertyPath: m_Name
      value: Spawner (3)
      objectReference: {fileID: 0}
    - target: {fileID: 4228695803215800952, guid: e40be37cdaad16249a2f0d76ee4d44de,
        type: 3}
      propertyPath: m_LocalPosition.x
      value: -41.97
      objectReference: {fileID: 0}
    - target: {fileID: 4228695803215800952, guid: e40be37cdaad16249a2f0d76ee4d44de,
        type: 3}
      propertyPath: m_LocalPosition.y
      value: -7.07
      objectReference: {fileID: 0}
    - target: {fileID: 4228695803215800952, guid: e40be37cdaad16249a2f0d76ee4d44de,
        type: 3}
      propertyPath: m_LocalPosition.z
      value: 54.7
      objectReference: {fileID: 0}
    - target: {fileID: 4228695803215800952, guid: e40be37cdaad16249a2f0d76ee4d44de,
        type: 3}
      propertyPath: m_LocalRotation.x
      value: -0
      objectReference: {fileID: 0}
    - target: {fileID: 4228695803215800952, guid: e40be37cdaad16249a2f0d76ee4d44de,
        type: 3}
      propertyPath: m_LocalRotation.y
      value: -0
      objectReference: {fileID: 0}
    - target: {fileID: 4228695803215800952, guid: e40be37cdaad16249a2f0d76ee4d44de,
        type: 3}
      propertyPath: m_LocalRotation.z
      value: -0
      objectReference: {fileID: 0}
    - target: {fileID: 4228695803215800952, guid: e40be37cdaad16249a2f0d76ee4d44de,
        type: 3}
      propertyPath: m_LocalRotation.w
      value: 1
      objectReference: {fileID: 0}
    - target: {fileID: 4228695803215800952, guid: e40be37cdaad16249a2f0d76ee4d44de,
        type: 3}
      propertyPath: m_RootOrder
      value: 15
      objectReference: {fileID: 0}
    - target: {fileID: 4228695803215800952, guid: e40be37cdaad16249a2f0d76ee4d44de,
        type: 3}
      propertyPath: m_LocalEulerAnglesHint.x
      value: 0
      objectReference: {fileID: 0}
    - target: {fileID: 4228695803215800952, guid: e40be37cdaad16249a2f0d76ee4d44de,
        type: 3}
      propertyPath: m_LocalEulerAnglesHint.y
      value: 0
      objectReference: {fileID: 0}
    - target: {fileID: 4228695803215800952, guid: e40be37cdaad16249a2f0d76ee4d44de,
        type: 3}
      propertyPath: m_LocalEulerAnglesHint.z
      value: 0
      objectReference: {fileID: 0}
    m_RemovedComponents: []
  m_SourcePrefab: {fileID: 100100000, guid: e40be37cdaad16249a2f0d76ee4d44de, type: 3}
--- !u!4 &404369010012979260 stripped
Transform:
  m_CorrespondingSourceObject: {fileID: 4228695803215800952, guid: e40be37cdaad16249a2f0d76ee4d44de,
    type: 3}
  m_PrefabInstance: {fileID: 4554198144469756484}
  m_PrefabAsset: {fileID: 0}
--- !u!1001 &4671179944166196264
PrefabInstance:
  m_ObjectHideFlags: 0
  serializedVersion: 2
  m_Modification:
    m_TransformParent: {fileID: 2873525580349148046}
    m_Modifications:
    - target: {fileID: 455504394888389331, guid: bf91198e5f6181341bf8d07def69d54f,
        type: 3}
      propertyPath: m_Name
      value: SecurityCameras
      objectReference: {fileID: 0}
    - target: {fileID: 8143020722570511844, guid: bf91198e5f6181341bf8d07def69d54f,
        type: 3}
      propertyPath: m_LocalPosition.x
      value: 0
      objectReference: {fileID: 0}
    - target: {fileID: 8143020722570511844, guid: bf91198e5f6181341bf8d07def69d54f,
        type: 3}
      propertyPath: m_LocalPosition.y
      value: 0
      objectReference: {fileID: 0}
    - target: {fileID: 8143020722570511844, guid: bf91198e5f6181341bf8d07def69d54f,
        type: 3}
      propertyPath: m_LocalPosition.z
      value: 0
      objectReference: {fileID: 0}
    - target: {fileID: 8143020722570511844, guid: bf91198e5f6181341bf8d07def69d54f,
        type: 3}
      propertyPath: m_LocalRotation.x
      value: 0
      objectReference: {fileID: 0}
    - target: {fileID: 8143020722570511844, guid: bf91198e5f6181341bf8d07def69d54f,
        type: 3}
      propertyPath: m_LocalRotation.y
      value: 0
      objectReference: {fileID: 0}
    - target: {fileID: 8143020722570511844, guid: bf91198e5f6181341bf8d07def69d54f,
        type: 3}
      propertyPath: m_LocalRotation.z
      value: 0
      objectReference: {fileID: 0}
    - target: {fileID: 8143020722570511844, guid: bf91198e5f6181341bf8d07def69d54f,
        type: 3}
      propertyPath: m_LocalRotation.w
      value: 1
      objectReference: {fileID: 0}
    - target: {fileID: 8143020722570511844, guid: bf91198e5f6181341bf8d07def69d54f,
        type: 3}
      propertyPath: m_RootOrder
      value: 26
      objectReference: {fileID: 0}
    - target: {fileID: 8143020722570511844, guid: bf91198e5f6181341bf8d07def69d54f,
        type: 3}
      propertyPath: m_LocalEulerAnglesHint.x
      value: 0
      objectReference: {fileID: 0}
    - target: {fileID: 8143020722570511844, guid: bf91198e5f6181341bf8d07def69d54f,
        type: 3}
      propertyPath: m_LocalEulerAnglesHint.y
      value: 0
      objectReference: {fileID: 0}
    - target: {fileID: 8143020722570511844, guid: bf91198e5f6181341bf8d07def69d54f,
        type: 3}
      propertyPath: m_LocalEulerAnglesHint.z
      value: 0
      objectReference: {fileID: 0}
    - target: {fileID: 1598641241138704743, guid: bf91198e5f6181341bf8d07def69d54f,
        type: 3}
      propertyPath: m_LocalPosition.x
      value: -29.34
      objectReference: {fileID: 0}
    - target: {fileID: 1598641241138704743, guid: bf91198e5f6181341bf8d07def69d54f,
        type: 3}
      propertyPath: m_LocalPosition.y
      value: 0
      objectReference: {fileID: 0}
    - target: {fileID: 1598641241138704743, guid: bf91198e5f6181341bf8d07def69d54f,
        type: 3}
      propertyPath: m_LocalPosition.z
      value: 93.93
      objectReference: {fileID: 0}
    - target: {fileID: 1598641241138704743, guid: bf91198e5f6181341bf8d07def69d54f,
        type: 3}
      propertyPath: m_LocalRotation.x
      value: 0.28246737
      objectReference: {fileID: 0}
    - target: {fileID: 1598641241138704743, guid: bf91198e5f6181341bf8d07def69d54f,
        type: 3}
      propertyPath: m_LocalRotation.y
      value: 0.64823776
      objectReference: {fileID: 0}
    - target: {fileID: 1598641241138704743, guid: bf91198e5f6181341bf8d07def69d54f,
        type: 3}
      propertyPath: m_LocalRotation.z
      value: -0.28246737
      objectReference: {fileID: 0}
    - target: {fileID: 1598641241138704743, guid: bf91198e5f6181341bf8d07def69d54f,
        type: 3}
      propertyPath: m_LocalRotation.w
      value: 0.64823776
      objectReference: {fileID: 0}
    - target: {fileID: 1598641241138704743, guid: bf91198e5f6181341bf8d07def69d54f,
        type: 3}
      propertyPath: m_LocalEulerAnglesHint.x
      value: 47.09
      objectReference: {fileID: 0}
    - target: {fileID: 1409570329311058712, guid: bf91198e5f6181341bf8d07def69d54f,
        type: 3}
      propertyPath: m_LocalPosition.x
      value: 10.15
      objectReference: {fileID: 0}
    - target: {fileID: 1409570329311058712, guid: bf91198e5f6181341bf8d07def69d54f,
        type: 3}
      propertyPath: m_LocalPosition.y
      value: 0
      objectReference: {fileID: 0}
    - target: {fileID: 1409570329311058712, guid: bf91198e5f6181341bf8d07def69d54f,
        type: 3}
      propertyPath: m_LocalPosition.z
      value: 23.37
      objectReference: {fileID: 0}
    - target: {fileID: 1409570329311058712, guid: bf91198e5f6181341bf8d07def69d54f,
        type: 3}
      propertyPath: m_LocalRotation.x
      value: 0.15996611
      objectReference: {fileID: 0}
    - target: {fileID: 1409570329311058712, guid: bf91198e5f6181341bf8d07def69d54f,
        type: 3}
      propertyPath: m_LocalRotation.y
      value: 0.6887749
      objectReference: {fileID: 0}
    - target: {fileID: 1409570329311058712, guid: bf91198e5f6181341bf8d07def69d54f,
        type: 3}
      propertyPath: m_LocalRotation.z
      value: -0.15996611
      objectReference: {fileID: 0}
    - target: {fileID: 1409570329311058712, guid: bf91198e5f6181341bf8d07def69d54f,
        type: 3}
      propertyPath: m_LocalRotation.w
      value: 0.6887749
      objectReference: {fileID: 0}
    - target: {fileID: 1409570329311058712, guid: bf91198e5f6181341bf8d07def69d54f,
        type: 3}
      propertyPath: m_LocalEulerAnglesHint.x
      value: 26.15
      objectReference: {fileID: 0}
    - target: {fileID: 8041838938246715956, guid: bf91198e5f6181341bf8d07def69d54f,
        type: 3}
      propertyPath: m_LocalPosition.x
      value: -35
      objectReference: {fileID: 0}
    - target: {fileID: 8041838938246715956, guid: bf91198e5f6181341bf8d07def69d54f,
        type: 3}
      propertyPath: m_LocalPosition.y
      value: 3.2
      objectReference: {fileID: 0}
    - target: {fileID: 8041838938246715956, guid: bf91198e5f6181341bf8d07def69d54f,
        type: 3}
      propertyPath: m_LocalPosition.z
      value: 47.3
      objectReference: {fileID: 0}
    - target: {fileID: 8041838938246715956, guid: bf91198e5f6181341bf8d07def69d54f,
        type: 3}
      propertyPath: m_LocalRotation.x
      value: 0.29542062
      objectReference: {fileID: 0}
    - target: {fileID: 8041838938246715956, guid: bf91198e5f6181341bf8d07def69d54f,
        type: 3}
      propertyPath: m_LocalRotation.y
      value: 0.6424381
      objectReference: {fileID: 0}
    - target: {fileID: 8041838938246715956, guid: bf91198e5f6181341bf8d07def69d54f,
        type: 3}
      propertyPath: m_LocalRotation.z
      value: -0.29542062
      objectReference: {fileID: 0}
    - target: {fileID: 8041838938246715956, guid: bf91198e5f6181341bf8d07def69d54f,
        type: 3}
      propertyPath: m_LocalRotation.w
      value: 0.6424381
      objectReference: {fileID: 0}
    - target: {fileID: 8041838938246715956, guid: bf91198e5f6181341bf8d07def69d54f,
        type: 3}
      propertyPath: m_LocalEulerAnglesHint.x
      value: 49.39
      objectReference: {fileID: 0}
    - target: {fileID: 8041838938246715956, guid: bf91198e5f6181341bf8d07def69d54f,
        type: 3}
      propertyPath: m_LocalEulerAnglesHint.y
      value: 90
      objectReference: {fileID: 0}
    - target: {fileID: 5204562190910537090, guid: bf91198e5f6181341bf8d07def69d54f,
        type: 3}
      propertyPath: m_LocalPosition.x
      value: 0
      objectReference: {fileID: 0}
    - target: {fileID: 5204562190910537090, guid: bf91198e5f6181341bf8d07def69d54f,
        type: 3}
      propertyPath: m_LocalPosition.y
      value: 0
      objectReference: {fileID: 0}
    - target: {fileID: 5204562190910537090, guid: bf91198e5f6181341bf8d07def69d54f,
        type: 3}
      propertyPath: m_LocalPosition.z
      value: 0
      objectReference: {fileID: 0}
    m_RemovedComponents: []
  m_SourcePrefab: {fileID: 100100000, guid: bf91198e5f6181341bf8d07def69d54f, type: 3}
--- !u!4 &3590089483007115724 stripped
Transform:
  m_CorrespondingSourceObject: {fileID: 8143020722570511844, guid: bf91198e5f6181341bf8d07def69d54f,
    type: 3}
  m_PrefabInstance: {fileID: 4671179944166196264}
  m_PrefabAsset: {fileID: 0}
--- !u!1001 &4842734822559855132
PrefabInstance:
  m_ObjectHideFlags: 0
  serializedVersion: 2
  m_Modification:
    m_TransformParent: {fileID: 2873525580349148046}
    m_Modifications:
    - target: {fileID: 6998687521920614692, guid: 2e7470127de81ea4b947d46cd7cfb1c8,
        type: 3}
      propertyPath: m_Name
      value: Golem
      objectReference: {fileID: 0}
    - target: {fileID: 7002032197464815814, guid: 2e7470127de81ea4b947d46cd7cfb1c8,
        type: 3}
      propertyPath: m_LocalPosition.x
      value: -52.320778
      objectReference: {fileID: 0}
    - target: {fileID: 7002032197464815814, guid: 2e7470127de81ea4b947d46cd7cfb1c8,
        type: 3}
      propertyPath: m_LocalPosition.y
      value: -7.6163344
      objectReference: {fileID: 0}
    - target: {fileID: 7002032197464815814, guid: 2e7470127de81ea4b947d46cd7cfb1c8,
        type: 3}
      propertyPath: m_LocalPosition.z
      value: 135.77548
      objectReference: {fileID: 0}
    - target: {fileID: 7002032197464815814, guid: 2e7470127de81ea4b947d46cd7cfb1c8,
        type: 3}
      propertyPath: m_LocalRotation.x
      value: 0
      objectReference: {fileID: 0}
    - target: {fileID: 7002032197464815814, guid: 2e7470127de81ea4b947d46cd7cfb1c8,
        type: 3}
      propertyPath: m_LocalRotation.y
      value: -1
      objectReference: {fileID: 0}
    - target: {fileID: 7002032197464815814, guid: 2e7470127de81ea4b947d46cd7cfb1c8,
        type: 3}
      propertyPath: m_LocalRotation.z
      value: 0
      objectReference: {fileID: 0}
    - target: {fileID: 7002032197464815814, guid: 2e7470127de81ea4b947d46cd7cfb1c8,
        type: 3}
      propertyPath: m_LocalRotation.w
      value: 0
      objectReference: {fileID: 0}
    - target: {fileID: 7002032197464815814, guid: 2e7470127de81ea4b947d46cd7cfb1c8,
        type: 3}
      propertyPath: m_RootOrder
      value: 6
      objectReference: {fileID: 0}
    - target: {fileID: 7002032197464815814, guid: 2e7470127de81ea4b947d46cd7cfb1c8,
        type: 3}
      propertyPath: m_LocalEulerAnglesHint.x
      value: 0
      objectReference: {fileID: 0}
    - target: {fileID: 7002032197464815814, guid: 2e7470127de81ea4b947d46cd7cfb1c8,
        type: 3}
      propertyPath: m_LocalEulerAnglesHint.y
      value: -180
      objectReference: {fileID: 0}
    - target: {fileID: 7002032197464815814, guid: 2e7470127de81ea4b947d46cd7cfb1c8,
        type: 3}
      propertyPath: m_LocalEulerAnglesHint.z
      value: 0
      objectReference: {fileID: 0}
    m_RemovedComponents: []
  m_SourcePrefab: {fileID: 100100000, guid: 2e7470127de81ea4b947d46cd7cfb1c8, type: 3}
--- !u!4 &2456975858769119962 stripped
Transform:
  m_CorrespondingSourceObject: {fileID: 7002032197464815814, guid: 2e7470127de81ea4b947d46cd7cfb1c8,
    type: 3}
  m_PrefabInstance: {fileID: 4842734822559855132}
  m_PrefabAsset: {fileID: 0}
--- !u!1001 &5380769725862082805
PrefabInstance:
  m_ObjectHideFlags: 0
  serializedVersion: 2
  m_Modification:
    m_TransformParent: {fileID: 2873525580349148046}
    m_Modifications:
    - target: {fileID: 6203413885887569773, guid: e40be37cdaad16249a2f0d76ee4d44de,
        type: 3}
      propertyPath: m_Name
      value: Spawner
      objectReference: {fileID: 0}
    - target: {fileID: 4228695803215800952, guid: e40be37cdaad16249a2f0d76ee4d44de,
        type: 3}
      propertyPath: m_LocalPosition.x
      value: 49.8
      objectReference: {fileID: 0}
    - target: {fileID: 4228695803215800952, guid: e40be37cdaad16249a2f0d76ee4d44de,
        type: 3}
      propertyPath: m_LocalPosition.y
      value: -6.3
      objectReference: {fileID: 0}
    - target: {fileID: 4228695803215800952, guid: e40be37cdaad16249a2f0d76ee4d44de,
        type: 3}
      propertyPath: m_LocalPosition.z
      value: 21.3
      objectReference: {fileID: 0}
    - target: {fileID: 4228695803215800952, guid: e40be37cdaad16249a2f0d76ee4d44de,
        type: 3}
      propertyPath: m_LocalRotation.x
      value: -0
      objectReference: {fileID: 0}
    - target: {fileID: 4228695803215800952, guid: e40be37cdaad16249a2f0d76ee4d44de,
        type: 3}
      propertyPath: m_LocalRotation.y
      value: -0
      objectReference: {fileID: 0}
    - target: {fileID: 4228695803215800952, guid: e40be37cdaad16249a2f0d76ee4d44de,
        type: 3}
      propertyPath: m_LocalRotation.z
      value: -0
      objectReference: {fileID: 0}
    - target: {fileID: 4228695803215800952, guid: e40be37cdaad16249a2f0d76ee4d44de,
        type: 3}
      propertyPath: m_LocalRotation.w
      value: 1
      objectReference: {fileID: 0}
    - target: {fileID: 4228695803215800952, guid: e40be37cdaad16249a2f0d76ee4d44de,
        type: 3}
      propertyPath: m_RootOrder
      value: 12
      objectReference: {fileID: 0}
    - target: {fileID: 4228695803215800952, guid: e40be37cdaad16249a2f0d76ee4d44de,
        type: 3}
      propertyPath: m_LocalEulerAnglesHint.x
      value: 0
      objectReference: {fileID: 0}
    - target: {fileID: 4228695803215800952, guid: e40be37cdaad16249a2f0d76ee4d44de,
        type: 3}
      propertyPath: m_LocalEulerAnglesHint.y
      value: 0
      objectReference: {fileID: 0}
    - target: {fileID: 4228695803215800952, guid: e40be37cdaad16249a2f0d76ee4d44de,
        type: 3}
      propertyPath: m_LocalEulerAnglesHint.z
      value: 0
      objectReference: {fileID: 0}
    m_RemovedComponents: []
  m_SourcePrefab: {fileID: 100100000, guid: e40be37cdaad16249a2f0d76ee4d44de, type: 3}
--- !u!4 &8071310226020864653 stripped
Transform:
  m_CorrespondingSourceObject: {fileID: 4228695803215800952, guid: e40be37cdaad16249a2f0d76ee4d44de,
    type: 3}
  m_PrefabInstance: {fileID: 5380769725862082805}
  m_PrefabAsset: {fileID: 0}
--- !u!1001 &6208698066394585887
PrefabInstance:
  m_ObjectHideFlags: 0
  serializedVersion: 2
  m_Modification:
    m_TransformParent: {fileID: 2873525580349148046}
    m_Modifications:
    - target: {fileID: 6203413885887569773, guid: e40be37cdaad16249a2f0d76ee4d44de,
        type: 3}
      propertyPath: m_Name
      value: Spawner (2)
      objectReference: {fileID: 0}
    - target: {fileID: 4228695803215800952, guid: e40be37cdaad16249a2f0d76ee4d44de,
        type: 3}
      propertyPath: m_LocalPosition.x
      value: -6.6
      objectReference: {fileID: 0}
    - target: {fileID: 4228695803215800952, guid: e40be37cdaad16249a2f0d76ee4d44de,
        type: 3}
      propertyPath: m_LocalPosition.y
      value: -11.85
      objectReference: {fileID: 0}
    - target: {fileID: 4228695803215800952, guid: e40be37cdaad16249a2f0d76ee4d44de,
        type: 3}
      propertyPath: m_LocalPosition.z
      value: 54.4
      objectReference: {fileID: 0}
    - target: {fileID: 4228695803215800952, guid: e40be37cdaad16249a2f0d76ee4d44de,
        type: 3}
      propertyPath: m_LocalRotation.x
      value: -0
      objectReference: {fileID: 0}
    - target: {fileID: 4228695803215800952, guid: e40be37cdaad16249a2f0d76ee4d44de,
        type: 3}
      propertyPath: m_LocalRotation.y
      value: -0
      objectReference: {fileID: 0}
    - target: {fileID: 4228695803215800952, guid: e40be37cdaad16249a2f0d76ee4d44de,
        type: 3}
      propertyPath: m_LocalRotation.z
      value: -0
      objectReference: {fileID: 0}
    - target: {fileID: 4228695803215800952, guid: e40be37cdaad16249a2f0d76ee4d44de,
        type: 3}
      propertyPath: m_LocalRotation.w
      value: 1
      objectReference: {fileID: 0}
    - target: {fileID: 4228695803215800952, guid: e40be37cdaad16249a2f0d76ee4d44de,
        type: 3}
      propertyPath: m_RootOrder
      value: 14
      objectReference: {fileID: 0}
    - target: {fileID: 4228695803215800952, guid: e40be37cdaad16249a2f0d76ee4d44de,
        type: 3}
      propertyPath: m_LocalEulerAnglesHint.x
      value: 0
      objectReference: {fileID: 0}
    - target: {fileID: 4228695803215800952, guid: e40be37cdaad16249a2f0d76ee4d44de,
        type: 3}
      propertyPath: m_LocalEulerAnglesHint.y
      value: 0
      objectReference: {fileID: 0}
    - target: {fileID: 4228695803215800952, guid: e40be37cdaad16249a2f0d76ee4d44de,
        type: 3}
      propertyPath: m_LocalEulerAnglesHint.z
      value: 0
      objectReference: {fileID: 0}
    m_RemovedComponents: []
  m_SourcePrefab: {fileID: 100100000, guid: e40be37cdaad16249a2f0d76ee4d44de, type: 3}
--- !u!4 &7820185822854279527 stripped
Transform:
  m_CorrespondingSourceObject: {fileID: 4228695803215800952, guid: e40be37cdaad16249a2f0d76ee4d44de,
    type: 3}
  m_PrefabInstance: {fileID: 6208698066394585887}
  m_PrefabAsset: {fileID: 0}
--- !u!1001 &6242345604739694569
PrefabInstance:
  m_ObjectHideFlags: 0
  serializedVersion: 2
  m_Modification:
    m_TransformParent: {fileID: 2873525580349148046}
    m_Modifications:
    - target: {fileID: 6203413885887569773, guid: e40be37cdaad16249a2f0d76ee4d44de,
        type: 3}
      propertyPath: m_Name
      value: Spawner (4)
      objectReference: {fileID: 0}
    - target: {fileID: 4228695803215800952, guid: e40be37cdaad16249a2f0d76ee4d44de,
        type: 3}
      propertyPath: m_LocalPosition.x
      value: -0.8
      objectReference: {fileID: 0}
    - target: {fileID: 4228695803215800952, guid: e40be37cdaad16249a2f0d76ee4d44de,
        type: 3}
      propertyPath: m_LocalPosition.y
      value: -6.9
      objectReference: {fileID: 0}
    - target: {fileID: 4228695803215800952, guid: e40be37cdaad16249a2f0d76ee4d44de,
        type: 3}
      propertyPath: m_LocalPosition.z
      value: -1.72
      objectReference: {fileID: 0}
    - target: {fileID: 4228695803215800952, guid: e40be37cdaad16249a2f0d76ee4d44de,
        type: 3}
      propertyPath: m_LocalRotation.x
      value: -0
      objectReference: {fileID: 0}
    - target: {fileID: 4228695803215800952, guid: e40be37cdaad16249a2f0d76ee4d44de,
        type: 3}
      propertyPath: m_LocalRotation.y
      value: -0
      objectReference: {fileID: 0}
    - target: {fileID: 4228695803215800952, guid: e40be37cdaad16249a2f0d76ee4d44de,
        type: 3}
      propertyPath: m_LocalRotation.z
      value: -0
      objectReference: {fileID: 0}
    - target: {fileID: 4228695803215800952, guid: e40be37cdaad16249a2f0d76ee4d44de,
        type: 3}
      propertyPath: m_LocalRotation.w
      value: 1
      objectReference: {fileID: 0}
    - target: {fileID: 4228695803215800952, guid: e40be37cdaad16249a2f0d76ee4d44de,
        type: 3}
      propertyPath: m_RootOrder
      value: 16
      objectReference: {fileID: 0}
    - target: {fileID: 4228695803215800952, guid: e40be37cdaad16249a2f0d76ee4d44de,
        type: 3}
      propertyPath: m_LocalEulerAnglesHint.x
      value: 0
      objectReference: {fileID: 0}
    - target: {fileID: 4228695803215800952, guid: e40be37cdaad16249a2f0d76ee4d44de,
        type: 3}
      propertyPath: m_LocalEulerAnglesHint.y
      value: 0
      objectReference: {fileID: 0}
    - target: {fileID: 4228695803215800952, guid: e40be37cdaad16249a2f0d76ee4d44de,
        type: 3}
      propertyPath: m_LocalEulerAnglesHint.z
      value: 0
      objectReference: {fileID: 0}
    m_RemovedComponents: []
  m_SourcePrefab: {fileID: 100100000, guid: e40be37cdaad16249a2f0d76ee4d44de, type: 3}
--- !u!4 &7786191783798904209 stripped
Transform:
  m_CorrespondingSourceObject: {fileID: 4228695803215800952, guid: e40be37cdaad16249a2f0d76ee4d44de,
    type: 3}
  m_PrefabInstance: {fileID: 6242345604739694569}
  m_PrefabAsset: {fileID: 0}
--- !u!1001 &6398243599394724320
PrefabInstance:
  m_ObjectHideFlags: 0
  serializedVersion: 2
  m_Modification:
    m_TransformParent: {fileID: 2873525580349148046}
    m_Modifications:
    - target: {fileID: 6203413885887569773, guid: e40be37cdaad16249a2f0d76ee4d44de,
        type: 3}
      propertyPath: m_Name
      value: Spawner (6)
      objectReference: {fileID: 0}
    - target: {fileID: 4228695803215800952, guid: e40be37cdaad16249a2f0d76ee4d44de,
        type: 3}
      propertyPath: m_LocalPosition.x
      value: -7.3
      objectReference: {fileID: 0}
    - target: {fileID: 4228695803215800952, guid: e40be37cdaad16249a2f0d76ee4d44de,
        type: 3}
      propertyPath: m_LocalPosition.y
      value: -7.06
      objectReference: {fileID: 0}
    - target: {fileID: 4228695803215800952, guid: e40be37cdaad16249a2f0d76ee4d44de,
        type: 3}
      propertyPath: m_LocalPosition.z
      value: 113.1
      objectReference: {fileID: 0}
    - target: {fileID: 4228695803215800952, guid: e40be37cdaad16249a2f0d76ee4d44de,
        type: 3}
      propertyPath: m_LocalRotation.x
      value: -0
      objectReference: {fileID: 0}
    - target: {fileID: 4228695803215800952, guid: e40be37cdaad16249a2f0d76ee4d44de,
        type: 3}
      propertyPath: m_LocalRotation.y
      value: -0
      objectReference: {fileID: 0}
    - target: {fileID: 4228695803215800952, guid: e40be37cdaad16249a2f0d76ee4d44de,
        type: 3}
      propertyPath: m_LocalRotation.z
      value: -0
      objectReference: {fileID: 0}
    - target: {fileID: 4228695803215800952, guid: e40be37cdaad16249a2f0d76ee4d44de,
        type: 3}
      propertyPath: m_LocalRotation.w
      value: 1
      objectReference: {fileID: 0}
    - target: {fileID: 4228695803215800952, guid: e40be37cdaad16249a2f0d76ee4d44de,
        type: 3}
      propertyPath: m_RootOrder
      value: 18
      objectReference: {fileID: 0}
    - target: {fileID: 4228695803215800952, guid: e40be37cdaad16249a2f0d76ee4d44de,
        type: 3}
      propertyPath: m_LocalEulerAnglesHint.x
      value: 0
      objectReference: {fileID: 0}
    - target: {fileID: 4228695803215800952, guid: e40be37cdaad16249a2f0d76ee4d44de,
        type: 3}
      propertyPath: m_LocalEulerAnglesHint.y
      value: 0
      objectReference: {fileID: 0}
    - target: {fileID: 4228695803215800952, guid: e40be37cdaad16249a2f0d76ee4d44de,
        type: 3}
      propertyPath: m_LocalEulerAnglesHint.z
      value: 0
      objectReference: {fileID: 0}
    m_RemovedComponents: []
  m_SourcePrefab: {fileID: 100100000, guid: e40be37cdaad16249a2f0d76ee4d44de, type: 3}
--- !u!4 &7089924523130762136 stripped
Transform:
  m_CorrespondingSourceObject: {fileID: 4228695803215800952, guid: e40be37cdaad16249a2f0d76ee4d44de,
    type: 3}
  m_PrefabInstance: {fileID: 6398243599394724320}
  m_PrefabAsset: {fileID: 0}
--- !u!1001 &6501925422438782754
PrefabInstance:
  m_ObjectHideFlags: 0
  serializedVersion: 2
  m_Modification:
    m_TransformParent: {fileID: 2873525580349148046}
    m_Modifications:
    - target: {fileID: 1339170655318908426, guid: c7f9572e21a0d314d82733e7f790283e,
        type: 3}
      propertyPath: m_Name
      value: Knight
      objectReference: {fileID: 0}
    - target: {fileID: 1339170655318908428, guid: c7f9572e21a0d314d82733e7f790283e,
        type: 3}
      propertyPath: m_LocalPosition.x
      value: -51.988388
      objectReference: {fileID: 0}
    - target: {fileID: 1339170655318908428, guid: c7f9572e21a0d314d82733e7f790283e,
        type: 3}
      propertyPath: m_LocalPosition.y
      value: -7.616422
      objectReference: {fileID: 0}
    - target: {fileID: 1339170655318908428, guid: c7f9572e21a0d314d82733e7f790283e,
        type: 3}
      propertyPath: m_LocalPosition.z
      value: 95.64415
      objectReference: {fileID: 0}
    - target: {fileID: 1339170655318908428, guid: c7f9572e21a0d314d82733e7f790283e,
        type: 3}
      propertyPath: m_LocalRotation.x
      value: -0
      objectReference: {fileID: 0}
    - target: {fileID: 1339170655318908428, guid: c7f9572e21a0d314d82733e7f790283e,
        type: 3}
      propertyPath: m_LocalRotation.y
      value: -0
      objectReference: {fileID: 0}
    - target: {fileID: 1339170655318908428, guid: c7f9572e21a0d314d82733e7f790283e,
        type: 3}
      propertyPath: m_LocalRotation.z
      value: -0
      objectReference: {fileID: 0}
    - target: {fileID: 1339170655318908428, guid: c7f9572e21a0d314d82733e7f790283e,
        type: 3}
      propertyPath: m_LocalRotation.w
      value: 1
      objectReference: {fileID: 0}
    - target: {fileID: 1339170655318908428, guid: c7f9572e21a0d314d82733e7f790283e,
        type: 3}
      propertyPath: m_RootOrder
      value: 3
      objectReference: {fileID: 0}
    - target: {fileID: 1339170655318908428, guid: c7f9572e21a0d314d82733e7f790283e,
        type: 3}
      propertyPath: m_LocalEulerAnglesHint.x
      value: 0
      objectReference: {fileID: 0}
    - target: {fileID: 1339170655318908428, guid: c7f9572e21a0d314d82733e7f790283e,
        type: 3}
      propertyPath: m_LocalEulerAnglesHint.y
      value: 0
      objectReference: {fileID: 0}
    - target: {fileID: 1339170655318908428, guid: c7f9572e21a0d314d82733e7f790283e,
        type: 3}
      propertyPath: m_LocalEulerAnglesHint.z
      value: 0
      objectReference: {fileID: 0}
    - target: {fileID: 342736456, guid: c7f9572e21a0d314d82733e7f790283e, type: 3}
      propertyPath: ItemImage
      value: 
      objectReference: {fileID: 5901562677160333441}
    - target: {fileID: 342736463, guid: c7f9572e21a0d314d82733e7f790283e, type: 3}
      propertyPath: playerHealth
      value: 
      objectReference: {fileID: 5947573117728396190}
    - target: {fileID: 5848243204389478944, guid: c7f9572e21a0d314d82733e7f790283e,
        type: 3}
      propertyPath: m_RootOrder
      value: 2
      objectReference: {fileID: 0}
    - target: {fileID: 735235417963894616, guid: c7f9572e21a0d314d82733e7f790283e,
        type: 3}
      propertyPath: m_RootOrder
      value: 3
      objectReference: {fileID: 0}
    - target: {fileID: 6026615008607931990, guid: c7f9572e21a0d314d82733e7f790283e,
        type: 3}
      propertyPath: m_RootOrder
      value: 4
      objectReference: {fileID: 0}
    - target: {fileID: 444871451525104453, guid: c7f9572e21a0d314d82733e7f790283e,
        type: 3}
      propertyPath: m_RootOrder
      value: 5
      objectReference: {fileID: 0}
    - target: {fileID: 3441836092299193132, guid: c7f9572e21a0d314d82733e7f790283e,
        type: 3}
      propertyPath: mapUI
      value: 
      objectReference: {fileID: 3269794947157815777}
    m_RemovedComponents: []
  m_SourcePrefab: {fileID: 100100000, guid: c7f9572e21a0d314d82733e7f790283e, type: 3}
--- !u!4 &5237345675789895982 stripped
Transform:
  m_CorrespondingSourceObject: {fileID: 1339170655318908428, guid: c7f9572e21a0d314d82733e7f790283e,
    type: 3}
  m_PrefabInstance: {fileID: 6501925422438782754}
  m_PrefabAsset: {fileID: 0}
--- !u!4 &5237345676456375307 stripped
Transform:
  m_CorrespondingSourceObject: {fileID: 1339170656789963561, guid: c7f9572e21a0d314d82733e7f790283e,
    type: 3}
  m_PrefabInstance: {fileID: 6501925422438782754}
  m_PrefabAsset: {fileID: 0}
--- !u!20 &6260941699722731623 stripped
Camera:
  m_CorrespondingSourceObject: {fileID: 925542451864467269, guid: c7f9572e21a0d314d82733e7f790283e,
    type: 3}
  m_PrefabInstance: {fileID: 6501925422438782754}
  m_PrefabAsset: {fileID: 0}
--- !u!20 &769243913913165084 stripped
Camera:
  m_CorrespondingSourceObject: {fileID: 5807283943781134910, guid: c7f9572e21a0d314d82733e7f790283e,
    type: 3}
  m_PrefabInstance: {fileID: 6501925422438782754}
  m_PrefabAsset: {fileID: 0}
--- !u!20 &5749982311233034095 stripped
Camera:
  m_CorrespondingSourceObject: {fileID: 1582857813864513613, guid: c7f9572e21a0d314d82733e7f790283e,
    type: 3}
  m_PrefabInstance: {fileID: 6501925422438782754}
  m_PrefabAsset: {fileID: 0}
--- !u!1001 &6656255241780723965
PrefabInstance:
  m_ObjectHideFlags: 0
  serializedVersion: 2
  m_Modification:
    m_TransformParent: {fileID: 2873525580349148046}
    m_Modifications:
    - target: {fileID: 8379505537159371168, guid: ce1d89afe77f6514ab193cfcccb47635,
        type: 3}
      propertyPath: m_Name
      value: BuildComponent
      objectReference: {fileID: 0}
    - target: {fileID: 4078046552148341546, guid: ce1d89afe77f6514ab193cfcccb47635,
        type: 3}
      propertyPath: m_LocalPosition.x
      value: -14.843151
      objectReference: {fileID: 0}
    - target: {fileID: 4078046552148341546, guid: ce1d89afe77f6514ab193cfcccb47635,
        type: 3}
      propertyPath: m_LocalPosition.y
      value: 5.579963
      objectReference: {fileID: 0}
    - target: {fileID: 4078046552148341546, guid: ce1d89afe77f6514ab193cfcccb47635,
        type: 3}
      propertyPath: m_LocalPosition.z
      value: 122.75893
      objectReference: {fileID: 0}
    - target: {fileID: 4078046552148341546, guid: ce1d89afe77f6514ab193cfcccb47635,
        type: 3}
      propertyPath: m_LocalRotation.x
      value: -0
      objectReference: {fileID: 0}
    - target: {fileID: 4078046552148341546, guid: ce1d89afe77f6514ab193cfcccb47635,
        type: 3}
      propertyPath: m_LocalRotation.y
      value: -0
      objectReference: {fileID: 0}
    - target: {fileID: 4078046552148341546, guid: ce1d89afe77f6514ab193cfcccb47635,
        type: 3}
      propertyPath: m_LocalRotation.z
      value: -0
      objectReference: {fileID: 0}
    - target: {fileID: 4078046552148341546, guid: ce1d89afe77f6514ab193cfcccb47635,
        type: 3}
      propertyPath: m_LocalRotation.w
      value: 1
      objectReference: {fileID: 0}
    - target: {fileID: 4078046552148341546, guid: ce1d89afe77f6514ab193cfcccb47635,
        type: 3}
      propertyPath: m_RootOrder
      value: 1
      objectReference: {fileID: 0}
    - target: {fileID: 4078046552148341546, guid: ce1d89afe77f6514ab193cfcccb47635,
        type: 3}
      propertyPath: m_LocalEulerAnglesHint.x
      value: 0
      objectReference: {fileID: 0}
    - target: {fileID: 4078046552148341546, guid: ce1d89afe77f6514ab193cfcccb47635,
        type: 3}
      propertyPath: m_LocalEulerAnglesHint.y
      value: 0
      objectReference: {fileID: 0}
    - target: {fileID: 4078046552148341546, guid: ce1d89afe77f6514ab193cfcccb47635,
        type: 3}
      propertyPath: m_LocalEulerAnglesHint.z
      value: 0
      objectReference: {fileID: 0}
    m_RemovedComponents: []
  m_SourcePrefab: {fileID: 100100000, guid: ce1d89afe77f6514ab193cfcccb47635, type: 3}
--- !u!4 &7262025106701087703 stripped
Transform:
  m_CorrespondingSourceObject: {fileID: 4078046552148341546, guid: ce1d89afe77f6514ab193cfcccb47635,
    type: 3}
  m_PrefabInstance: {fileID: 6656255241780723965}
  m_PrefabAsset: {fileID: 0}
--- !u!1001 &6687521528985805688
PrefabInstance:
  m_ObjectHideFlags: 0
  serializedVersion: 2
  m_Modification:
    m_TransformParent: {fileID: 2873525580349148046}
    m_Modifications:
    - target: {fileID: 8818756842801007407, guid: bebbfefe582c90f4580fe3fc4020608e,
        type: 3}
      propertyPath: m_Name
      value: CM FreeLook1
      objectReference: {fileID: 0}
    - target: {fileID: 414174870804034206, guid: bebbfefe582c90f4580fe3fc4020608e,
        type: 3}
      propertyPath: m_LocalPosition.x
      value: -50.3441
      objectReference: {fileID: 0}
    - target: {fileID: 414174870804034206, guid: bebbfefe582c90f4580fe3fc4020608e,
        type: 3}
      propertyPath: m_LocalPosition.y
      value: -5.116422
      objectReference: {fileID: 0}
    - target: {fileID: 414174870804034206, guid: bebbfefe582c90f4580fe3fc4020608e,
        type: 3}
      propertyPath: m_LocalPosition.z
      value: 93.1349
      objectReference: {fileID: 0}
    - target: {fileID: 414174870804034206, guid: bebbfefe582c90f4580fe3fc4020608e,
        type: 3}
      propertyPath: m_LocalRotation.x
      value: -0
      objectReference: {fileID: 0}
    - target: {fileID: 414174870804034206, guid: bebbfefe582c90f4580fe3fc4020608e,
        type: 3}
      propertyPath: m_LocalRotation.y
      value: -0
      objectReference: {fileID: 0}
    - target: {fileID: 414174870804034206, guid: bebbfefe582c90f4580fe3fc4020608e,
        type: 3}
      propertyPath: m_LocalRotation.z
      value: -0
      objectReference: {fileID: 0}
    - target: {fileID: 414174870804034206, guid: bebbfefe582c90f4580fe3fc4020608e,
        type: 3}
      propertyPath: m_LocalRotation.w
      value: 1
      objectReference: {fileID: 0}
    - target: {fileID: 414174870804034206, guid: bebbfefe582c90f4580fe3fc4020608e,
        type: 3}
      propertyPath: m_RootOrder
      value: 24
      objectReference: {fileID: 0}
    - target: {fileID: 414174870804034206, guid: bebbfefe582c90f4580fe3fc4020608e,
        type: 3}
      propertyPath: m_LocalEulerAnglesHint.x
      value: 0
      objectReference: {fileID: 0}
    - target: {fileID: 414174870804034206, guid: bebbfefe582c90f4580fe3fc4020608e,
        type: 3}
      propertyPath: m_LocalEulerAnglesHint.y
      value: 0
      objectReference: {fileID: 0}
    - target: {fileID: 414174870804034206, guid: bebbfefe582c90f4580fe3fc4020608e,
        type: 3}
      propertyPath: m_LocalEulerAnglesHint.z
      value: 0
      objectReference: {fileID: 0}
    - target: {fileID: 585273453721171420, guid: bebbfefe582c90f4580fe3fc4020608e,
        type: 3}
      propertyPath: m_LocalRotation.x
      value: 0.17655468
      objectReference: {fileID: 0}
    - target: {fileID: 585273453721171420, guid: bebbfefe582c90f4580fe3fc4020608e,
        type: 3}
      propertyPath: m_LocalRotation.y
      value: -0.28708264
      objectReference: {fileID: 0}
    - target: {fileID: 585273453721171420, guid: bebbfefe582c90f4580fe3fc4020608e,
        type: 3}
      propertyPath: m_LocalRotation.z
      value: 0.053923965
      objectReference: {fileID: 0}
    - target: {fileID: 585273453721171420, guid: bebbfefe582c90f4580fe3fc4020608e,
        type: 3}
      propertyPath: m_LocalRotation.w
      value: 0.9399491
      objectReference: {fileID: 0}
    - target: {fileID: 585273453721171420, guid: bebbfefe582c90f4580fe3fc4020608e,
        type: 3}
      propertyPath: m_LocalPosition.x
      value: 0
      objectReference: {fileID: 0}
    - target: {fileID: 585273453721171420, guid: bebbfefe582c90f4580fe3fc4020608e,
        type: 3}
      propertyPath: m_LocalPosition.y
      value: 0
      objectReference: {fileID: 0}
    - target: {fileID: 585273453721171420, guid: bebbfefe582c90f4580fe3fc4020608e,
        type: 3}
      propertyPath: m_LocalPosition.z
      value: 0
      objectReference: {fileID: 0}
    - target: {fileID: 2277640281112123961, guid: bebbfefe582c90f4580fe3fc4020608e,
        type: 3}
      propertyPath: m_LocalPosition.x
      value: 0
      objectReference: {fileID: 0}
    - target: {fileID: 2277640281112123961, guid: bebbfefe582c90f4580fe3fc4020608e,
        type: 3}
      propertyPath: m_LocalPosition.y
      value: 0
      objectReference: {fileID: 0}
    - target: {fileID: 2277640281112123961, guid: bebbfefe582c90f4580fe3fc4020608e,
        type: 3}
      propertyPath: m_LocalPosition.z
      value: 0
      objectReference: {fileID: 0}
    - target: {fileID: 2277640281112123961, guid: bebbfefe582c90f4580fe3fc4020608e,
        type: 3}
      propertyPath: m_LocalRotation.x
      value: 0.15947358
      objectReference: {fileID: 0}
    - target: {fileID: 2277640281112123961, guid: bebbfefe582c90f4580fe3fc4020608e,
        type: 3}
      propertyPath: m_LocalRotation.y
      value: -0.2880136
      objectReference: {fileID: 0}
    - target: {fileID: 2277640281112123961, guid: bebbfefe582c90f4580fe3fc4020608e,
        type: 3}
      propertyPath: m_LocalRotation.z
      value: 0.04870698
      objectReference: {fileID: 0}
    - target: {fileID: 2277640281112123961, guid: bebbfefe582c90f4580fe3fc4020608e,
        type: 3}
      propertyPath: m_LocalRotation.w
      value: 0.9429974
      objectReference: {fileID: 0}
    - target: {fileID: 6144634466034839740, guid: bebbfefe582c90f4580fe3fc4020608e,
        type: 3}
      propertyPath: m_LocalPosition.x
      value: 0
      objectReference: {fileID: 0}
    - target: {fileID: 6144634466034839740, guid: bebbfefe582c90f4580fe3fc4020608e,
        type: 3}
      propertyPath: m_LocalPosition.y
      value: 0
      objectReference: {fileID: 0}
    - target: {fileID: 6144634466034839740, guid: bebbfefe582c90f4580fe3fc4020608e,
        type: 3}
      propertyPath: m_LocalPosition.z
      value: 0
      objectReference: {fileID: 0}
    - target: {fileID: 6144634466034839740, guid: bebbfefe582c90f4580fe3fc4020608e,
        type: 3}
      propertyPath: m_LocalRotation.x
      value: 0.19362268
      objectReference: {fileID: 0}
    - target: {fileID: 6144634466034839740, guid: bebbfefe582c90f4580fe3fc4020608e,
        type: 3}
      propertyPath: m_LocalRotation.y
      value: -0.28605428
      objectReference: {fileID: 0}
    - target: {fileID: 6144634466034839740, guid: bebbfefe582c90f4580fe3fc4020608e,
        type: 3}
      propertyPath: m_LocalRotation.z
      value: 0.059136927
      objectReference: {fileID: 0}
    - target: {fileID: 6144634466034839740, guid: bebbfefe582c90f4580fe3fc4020608e,
        type: 3}
      propertyPath: m_LocalRotation.w
      value: 0.93658215
      objectReference: {fileID: 0}
    - target: {fileID: 3384836745312228469, guid: bebbfefe582c90f4580fe3fc4020608e,
        type: 3}
      propertyPath: m_Follow
      value: 
      objectReference: {fileID: 5237345675789895982}
    - target: {fileID: 3384836745312228469, guid: bebbfefe582c90f4580fe3fc4020608e,
        type: 3}
      propertyPath: m_LookAt
      value: 
      objectReference: {fileID: 5237345676456375307}
    m_RemovedComponents: []
  m_SourcePrefab: {fileID: 100100000, guid: bebbfefe582c90f4580fe3fc4020608e, type: 3}
--- !u!4 &6445118083455717862 stripped
Transform:
  m_CorrespondingSourceObject: {fileID: 414174870804034206, guid: bebbfefe582c90f4580fe3fc4020608e,
    type: 3}
  m_PrefabInstance: {fileID: 6687521528985805688}
  m_PrefabAsset: {fileID: 0}
--- !u!1001 &7301876139456515076
PrefabInstance:
  m_ObjectHideFlags: 0
  serializedVersion: 2
  m_Modification:
    m_TransformParent: {fileID: 2873525580349148046}
    m_Modifications:
    - target: {fileID: 6203413885887569773, guid: e40be37cdaad16249a2f0d76ee4d44de,
        type: 3}
      propertyPath: m_Name
      value: Spawner (9)
      objectReference: {fileID: 0}
    - target: {fileID: 4228695803215800952, guid: e40be37cdaad16249a2f0d76ee4d44de,
        type: 3}
      propertyPath: m_LocalPosition.x
      value: 13.3
      objectReference: {fileID: 0}
    - target: {fileID: 4228695803215800952, guid: e40be37cdaad16249a2f0d76ee4d44de,
        type: 3}
      propertyPath: m_LocalPosition.y
      value: -7.014
      objectReference: {fileID: 0}
    - target: {fileID: 4228695803215800952, guid: e40be37cdaad16249a2f0d76ee4d44de,
        type: 3}
      propertyPath: m_LocalPosition.z
      value: -18.7
      objectReference: {fileID: 0}
    - target: {fileID: 4228695803215800952, guid: e40be37cdaad16249a2f0d76ee4d44de,
        type: 3}
      propertyPath: m_LocalRotation.x
      value: -0
      objectReference: {fileID: 0}
    - target: {fileID: 4228695803215800952, guid: e40be37cdaad16249a2f0d76ee4d44de,
        type: 3}
      propertyPath: m_LocalRotation.y
      value: -0
      objectReference: {fileID: 0}
    - target: {fileID: 4228695803215800952, guid: e40be37cdaad16249a2f0d76ee4d44de,
        type: 3}
      propertyPath: m_LocalRotation.z
      value: -0
      objectReference: {fileID: 0}
    - target: {fileID: 4228695803215800952, guid: e40be37cdaad16249a2f0d76ee4d44de,
        type: 3}
      propertyPath: m_LocalRotation.w
      value: 1
      objectReference: {fileID: 0}
    - target: {fileID: 4228695803215800952, guid: e40be37cdaad16249a2f0d76ee4d44de,
        type: 3}
      propertyPath: m_RootOrder
      value: 21
      objectReference: {fileID: 0}
    - target: {fileID: 4228695803215800952, guid: e40be37cdaad16249a2f0d76ee4d44de,
        type: 3}
      propertyPath: m_LocalEulerAnglesHint.x
      value: 0
      objectReference: {fileID: 0}
    - target: {fileID: 4228695803215800952, guid: e40be37cdaad16249a2f0d76ee4d44de,
        type: 3}
      propertyPath: m_LocalEulerAnglesHint.y
      value: 0
      objectReference: {fileID: 0}
    - target: {fileID: 4228695803215800952, guid: e40be37cdaad16249a2f0d76ee4d44de,
        type: 3}
      propertyPath: m_LocalEulerAnglesHint.z
      value: 0
      objectReference: {fileID: 0}
    m_RemovedComponents: []
  m_SourcePrefab: {fileID: 100100000, guid: e40be37cdaad16249a2f0d76ee4d44de, type: 3}
--- !u!4 &6915877306764895868 stripped
Transform:
  m_CorrespondingSourceObject: {fileID: 4228695803215800952, guid: e40be37cdaad16249a2f0d76ee4d44de,
    type: 3}
  m_PrefabInstance: {fileID: 7301876139456515076}
  m_PrefabAsset: {fileID: 0}
--- !u!1001 &8523232083412353940
PrefabInstance:
  m_ObjectHideFlags: 0
  serializedVersion: 2
  m_Modification:
    m_TransformParent: {fileID: 2873525580349148046}
    m_Modifications:
    - target: {fileID: 6203413885887569773, guid: e40be37cdaad16249a2f0d76ee4d44de,
        type: 3}
      propertyPath: m_Name
      value: Spawner (1)
      objectReference: {fileID: 0}
    - target: {fileID: 4228695803215800952, guid: e40be37cdaad16249a2f0d76ee4d44de,
        type: 3}
      propertyPath: m_LocalPosition.x
      value: 52.7
      objectReference: {fileID: 0}
    - target: {fileID: 4228695803215800952, guid: e40be37cdaad16249a2f0d76ee4d44de,
        type: 3}
      propertyPath: m_LocalPosition.y
      value: -11.93
      objectReference: {fileID: 0}
    - target: {fileID: 4228695803215800952, guid: e40be37cdaad16249a2f0d76ee4d44de,
        type: 3}
      propertyPath: m_LocalPosition.z
      value: -0.7
      objectReference: {fileID: 0}
    - target: {fileID: 4228695803215800952, guid: e40be37cdaad16249a2f0d76ee4d44de,
        type: 3}
      propertyPath: m_LocalRotation.x
      value: -0
      objectReference: {fileID: 0}
    - target: {fileID: 4228695803215800952, guid: e40be37cdaad16249a2f0d76ee4d44de,
        type: 3}
      propertyPath: m_LocalRotation.y
      value: -0
      objectReference: {fileID: 0}
    - target: {fileID: 4228695803215800952, guid: e40be37cdaad16249a2f0d76ee4d44de,
        type: 3}
      propertyPath: m_LocalRotation.z
      value: -0
      objectReference: {fileID: 0}
    - target: {fileID: 4228695803215800952, guid: e40be37cdaad16249a2f0d76ee4d44de,
        type: 3}
      propertyPath: m_LocalRotation.w
      value: 1
      objectReference: {fileID: 0}
    - target: {fileID: 4228695803215800952, guid: e40be37cdaad16249a2f0d76ee4d44de,
        type: 3}
      propertyPath: m_RootOrder
      value: 13
      objectReference: {fileID: 0}
    - target: {fileID: 4228695803215800952, guid: e40be37cdaad16249a2f0d76ee4d44de,
        type: 3}
      propertyPath: m_LocalEulerAnglesHint.x
      value: 0
      objectReference: {fileID: 0}
    - target: {fileID: 4228695803215800952, guid: e40be37cdaad16249a2f0d76ee4d44de,
        type: 3}
      propertyPath: m_LocalEulerAnglesHint.y
      value: 0
      objectReference: {fileID: 0}
    - target: {fileID: 4228695803215800952, guid: e40be37cdaad16249a2f0d76ee4d44de,
        type: 3}
      propertyPath: m_LocalEulerAnglesHint.z
      value: 0
      objectReference: {fileID: 0}
    m_RemovedComponents: []
  m_SourcePrefab: {fileID: 100100000, guid: e40be37cdaad16249a2f0d76ee4d44de, type: 3}
--- !u!4 &5541611198935296492 stripped
Transform:
  m_CorrespondingSourceObject: {fileID: 4228695803215800952, guid: e40be37cdaad16249a2f0d76ee4d44de,
    type: 3}
  m_PrefabInstance: {fileID: 8523232083412353940}
  m_PrefabAsset: {fileID: 0}
--- !u!1001 &8544752633165492629
PrefabInstance:
  m_ObjectHideFlags: 0
  serializedVersion: 2
  m_Modification:
    m_TransformParent: {fileID: 2873525580349148046}
    m_Modifications:
    - target: {fileID: 2877406512238761637, guid: a3f0d3359b500d74e889890a262e1ec5,
        type: 3}
      propertyPath: m_Name
      value: Sword
      objectReference: {fileID: 0}
    - target: {fileID: 2877406512238761647, guid: a3f0d3359b500d74e889890a262e1ec5,
        type: 3}
      propertyPath: m_LocalPosition.x
      value: -49
      objectReference: {fileID: 0}
    - target: {fileID: 2877406512238761647, guid: a3f0d3359b500d74e889890a262e1ec5,
        type: 3}
      propertyPath: m_LocalPosition.y
      value: -7.54
      objectReference: {fileID: 0}
    - target: {fileID: 2877406512238761647, guid: a3f0d3359b500d74e889890a262e1ec5,
        type: 3}
      propertyPath: m_LocalPosition.z
      value: 100.73
      objectReference: {fileID: 0}
    - target: {fileID: 2877406512238761647, guid: a3f0d3359b500d74e889890a262e1ec5,
        type: 3}
      propertyPath: m_LocalRotation.x
      value: 0.42071134
      objectReference: {fileID: 0}
    - target: {fileID: 2877406512238761647, guid: a3f0d3359b500d74e889890a262e1ec5,
        type: 3}
      propertyPath: m_LocalRotation.y
      value: 0.50501645
      objectReference: {fileID: 0}
    - target: {fileID: 2877406512238761647, guid: a3f0d3359b500d74e889890a262e1ec5,
        type: 3}
      propertyPath: m_LocalRotation.z
      value: 0.485983
      objectReference: {fileID: 0}
    - target: {fileID: 2877406512238761647, guid: a3f0d3359b500d74e889890a262e1ec5,
        type: 3}
      propertyPath: m_LocalRotation.w
      value: 0.57600427
      objectReference: {fileID: 0}
    - target: {fileID: 2877406512238761647, guid: a3f0d3359b500d74e889890a262e1ec5,
        type: 3}
      propertyPath: m_RootOrder
      value: 4
      objectReference: {fileID: 0}
    - target: {fileID: 2877406512238761647, guid: a3f0d3359b500d74e889890a262e1ec5,
        type: 3}
      propertyPath: m_LocalEulerAnglesHint.x
      value: -0.35500002
      objectReference: {fileID: 0}
    - target: {fileID: 2877406512238761647, guid: a3f0d3359b500d74e889890a262e1ec5,
        type: 3}
      propertyPath: m_LocalEulerAnglesHint.y
      value: 82.188
      objectReference: {fileID: 0}
    - target: {fileID: 2877406512238761647, guid: a3f0d3359b500d74e889890a262e1ec5,
        type: 3}
      propertyPath: m_LocalEulerAnglesHint.z
      value: 80
      objectReference: {fileID: 0}
    - target: {fileID: 2877406512238761647, guid: a3f0d3359b500d74e889890a262e1ec5,
        type: 3}
      propertyPath: m_LocalScale.x
      value: 1.0000005
      objectReference: {fileID: 0}
    - target: {fileID: 2877406512238761647, guid: a3f0d3359b500d74e889890a262e1ec5,
        type: 3}
      propertyPath: m_LocalScale.y
      value: 1.0000005
      objectReference: {fileID: 0}
    - target: {fileID: 2877406512238761647, guid: a3f0d3359b500d74e889890a262e1ec5,
        type: 3}
      propertyPath: m_LocalScale.z
      value: 1.0000005
      objectReference: {fileID: 0}
    - target: {fileID: 2877406512238761644, guid: a3f0d3359b500d74e889890a262e1ec5,
        type: 3}
      propertyPath: HealthBar
      value: 
      objectReference: {fileID: 5280509489999490338}
    m_RemovedComponents: []
  m_SourcePrefab: {fileID: 100100000, guid: a3f0d3359b500d74e889890a262e1ec5, type: 3}
--- !u!4 &5871452313084405562 stripped
Transform:
  m_CorrespondingSourceObject: {fileID: 2877406512238761647, guid: a3f0d3359b500d74e889890a262e1ec5,
    type: 3}
  m_PrefabInstance: {fileID: 8544752633165492629}
  m_PrefabAsset: {fileID: 0}
